2962 5010
583 305 821 369 .-53—

138 480 342 561 intellegemus
366 481 401 542 ad
424 480 647 543 admirationem
671 489 744 542 tunc
766 480 916 560 adspirare
931 478 1062 558 potuisse
1085 489 1203 559 poetam
1226 481 1278 561 qui

137 589 313 658 argumento
330 579 529 658 maximopere
540 580 645 642 triviali
656 578 884 659 grandissimam
899 578 1045 639 induisset
1059 579 1277 642 tractationem.

220 679 375 739 Praeterea
406 677 518 738 scilicet
543 697 593 738 res
615 678 788 739 inseruntur
811 677 955 738 heroicae.
999 675 1034 735 ln
1065 675 1173 755 quihus
1202 695 1277 755 quae

136 778 172 838 de
195 776 314 856 Orpheo
338 783 368 836 et
389 776 531 855 Eurydice
554 784 712 837 narrantur
734 775 831 837 efficta
854 781 954 854 aperte
978 781 1063 848 sunt,
1086 775 1165 854 quod
1186 777 1278 837 latere

135 875 270 954 potuisse
293 875 393 946 miror,
416 892 452 934 ex
473 873 510 934 iis
534 893 609 954 quae
625 874 705 935 Gallo
728 874 850 953 expulso
873 872 948 934 libro
965 873 1130 951 Georgicon
1145 874 1181 936 lV
1203 876 1277 936 Ver-

136 974 221 1052 gilius
244 973 405 1042 indiderat3
431 991 567 1052 compara
591 980 741 1034 ettotam
765 979 794 1033 et
816 970 973 1050 singularia
995 971 1084 1031 haec:
1107 971 1176 1032 Adit
1197 973 1275 1050 apud

135 1073 260 1134 alterum
294 1070 432 1150 Orpheus
469 1072 529 1134 alta
558 1074 630 1133 ostia
657 1070 731 1131 Ditis
760 1080 786 1131 et
814 1072 890 1149 ipsas
920 1068 1016 1130 dornos
1044 1068 1094 1129 leti
1121 1079 1146 1130 et
1174 1073 1277 1131 intima

136 1169 263 1232 Tartara
284 1168 381 1247 (Verg.
404 1188 429 1229 v.
453 1169 515 1230 467
537 1177 567 1229 et
589 1166 674 1245 481),
698 1168 774 1247 apud
798 1169 925 1230 alterum
949 1166 1011 1252 adit
1032 1180 1140 1230 maesta
1163 1168 1276 1230 adtenta

134 1267 208 1328 Dr'tr's
231 1268 380 1346 ferragine
405 1284 496 1345 regna
510 1266 698 1346 Defessasgue
725 1267 822 1327 damas
847 1284 880 1326 aa
898 1263 1024 1326 Tartara
1051 1275 1131 1327 nocte
1157 1277 1276 1329 cruenta

134 1365 224 1427 obsita
249 1364 324 1443 (Cul.
348 1362 419 1423 273.
443 1364 536 1444 274);
569 1363 645 1442 apud
668 1364 751 1425 illum
781 1362 899 1441 Coegtns
921 1370 950 1423 et
975 1362 1058 1442 Stgn,
1092 1365 1169 1442 apud
1195 1365 1276 1426 hunc

134 1463 265 1525 cernitur
301 1462 468 1542 Phlegethon
505 1461 578 1534 (Cal.
606 1459 689 1537 272).
747 1461 850 1542 lbique
894 1469 965 1522 sunt
1007 1465 1102 1523 nescia
1144 1463 1276 1525 hamanis

129 1561 262 1642 precibus
290 1577 485 1622 neansnescere
515 1560 602 1621 corda
631 1558 726 1638 (Verg.
742 1561 834 1634 470);
873 1560 929 1621 hoc
958 1568 1004 1621 est
1038 1560 1124 1622 illud:
1171 1561 1276 1623 dardan

132 1659 181 1721 illa
217 1659 349 1739 gardera,
391 1661 440 1737 gui
473 1661 568 1719 natent
605 1655 746 1719 Cerberon
782 1677 909 1738 nagnam
947 1658 1066 1718 credidit
1091 1676 1150 1737 eqs.
1196 1661 1273 1738 (Oul.

134 1758 275 1836 270sq.l.
310 1757 372 1818 Cul.
388 1754 556 1817 trs-285
579 1757 614 1816 ad
637 1756 788 1816 fortunam
813 1755 923 1835 Orphei
945 1765 1029 1816 antea
1054 1757 1198 1821 valentem
1222 1781 1273 1822 ex·

133 1856 271 1923 curritur,
295 1855 346 1916 ubi
369 1853 399 1914 ni
421 1853 506 1915 fallor
520 1854 676 1932 flagitabis:
701 1853 777 1914 Turn
800 1855 897 1933 rapallr'
909 1864 1044 1916 steterant
1066 1865 1274 1936 ornassetque

132 1955 264 2034 Tumgae
277 1956 367 2014 traam
380 1953 468 2013 cnidi
485 1953 612 2013 radr'cern
632 1962 760 2013 moveat
782 1952 838 2013 alta
853 1949 982 2022 Querens
1003 1953 1088 2014 haara
1111 1955 1275 2034 (strepitans

132 2050 266 2128 ramr'sP).
311 2051 471 2130 Sequentia
494 2051 580 2130 plane
601 2051 641 2111 ita
664 2050 912 2130 interpungenda:

296 2176 374 2238 Haec
396 2175 497 2237 eadem
521 2175 617 2254 potuit
637 2175 710 2236 Oitis
733 2182 763 2236 te
786 2175 905 2236 vincere
928 2176 1059 2237 coniunx

297 2273 522 2354 Eurydicenque
541 2273 604 2341 vira
628 2273 798 2351 ducendam
815 2275 947 2335 reddere.
992 2274 1060 2336 Non
1079 2277 1130 2348 las,

296 2374 363 2434 Non
386 2379 460 2432 erat:
483 2373 609 2433 Invictas
632 2372 714 2432 divae
738 2371 885 2432 exorabile
908 2372 1035 2433 numen!

133 2509 169 2566 et'.
191 2505 227 2565 de
254 2500 432 2581 Proserpina
454 2501 538 2580 Verg.
560 2520 585 2560 v.
602 2499 673 2574 487,
707 2501 757 2561 ubi
790 2519 865 2579 quae
899 2502 934 2561 de
957 2500 1100 2581 Eurydice
1134 2512 1205 2564 sunt
1237 2505 1274 2566 ad

132 2621 254 2682 superas
275 2619 360 2662 auras
383 2599 529 2670 veniente,
554 2598 737 2678 explicantur
760 2599 820 2659 Cul.
837 2596 1017 2660 289-291.
1054 2599 1194 2680 Respexit
1216 2600 1272 2662 Or-

132 2701 227 2782 pheus
250 2701 336 2777 Verg.
359 2697 437 2773 491;
458 2698 494 2758 cf.
517 2703 672 2776 respectus
695 2697 755 2758 Oul.
777 2696 848 2757 269.
893 2696 998 2759 Misera
1021 2697 1164 2778 Eurydice
1187 2701 1272 2780 Verg.

132 2800 209 2873 4943
233 2799 270 2860 cf.
287 2797 349 2858 Oul.
366 2795 436 2857 268.
468 2795 601 2857 Crudelia
623 2797 683 2856 fata
707 2802 779 2855 sunt
795 2796 878 2872 Verg.
892 2795 970 2871 4953
993 2797 1121 2859 crudelis
1137 2797 1273 2878 Orpheus

133 2898 194 2960 aul.
211 2895 283 2971 292,
306 2895 359 2957 sed
383 2912 444 2955 non
470 2894 551 2955 solus
574 2892 728 2972 Orpheus;
760 2910 832 2953 nam
865 2902 916 2954 aut
948 2912 1050 2955 vocem
1084 2899 1173 2976 magis
1205 2915 1273 2957 oum

131 3002 257 3075 poneret
279 2991 442 3072 ineptiebat
462 2992 590 3070 scriptor
613 2999 663 3052 aut
685 2990 845 3051 scrihebat:

287 3105 343 3166 Sed
367 3105 439 3183 Styx
461 3102 601 3164 crudelis:
626 3101 751 3163 crudelis
775 3109 808 3163 tu
831 3103 931 3182 magis,
954 3103 1087 3183 Orphea!

132 3229 243 3290 Deinde
263 3228 334 3290 illud
357 3228 389 3288 in
412 3227 510 3289 Oulice
532 3244 560 3286 v.
575 3223 654 3286 294:
677 3224 788 3304 Pignus
810 3244 892 3287 amar
913 3230 1004 3299 aenio,
1025 3238 1140 3307 gratans
1160 3233 1187 3290 sr‘
1200 3228 1274 3291 Tar·

131 3337 197 3389 tara
223 3337 337 3388 nossent
366 3324 418 3393 (ita
442 3324 569 3403 corrige,
598 3323 707 3403 quippe
734 3342 866 3385 amorem
889 3332 1004 3404 gratum
1028 3334 1151 3388 noverat
1173 3336 1275 3406 raptor

83 3467 94 3477 -
130 3425 338 3504 Proserpinae)
362 3425 525 3504 explicatur
546 3425 603 3484 iam
627 3422 792 3502 Vergiliano
816 3423 873 3484 hoc
896 3440 983 3484 versu
1006 3423 1083 3486 489:
1109 3426 1273 3500 (Dementia

131 3522 207 3602 cepit
240 3524 408 3596 amantem)
442 3523 610 3603 ignoscenda
643 3523 772 3601 galders,
805 3524 909 3583 scirent
940 3526 968 3583 sr‘
998 3526 1141 3602 ignoscere
1166 3542 1274 3586 manes

130 3621 253 3681 Versum
272 3620 334 3682 Cul.
350 3619 411 3681 295
433 3621 510 3682 bene
531 3621 644 3684 sanavit
658 3620 847 3694 Ribbeclrius‚
869 3638 931 3681 non
954 3621 1032 3682 hene
1054 3622 1185 3683 traiecit:
1208 3623 1275 3684 Pec-

130 3728 225 3779 aotnrn
246 3722 404 3780 nremrnisse
427 3729 513 3790 raons,
533 3739 622 3799 grave
643 3720 707 3780 sede
730 3724 859 3798 mnam:
890 3719 947 3780 hoc
966 3727 1027 3780 est:
1052 3738 1087 3779 eo
1111 3721 1275 3798 peccavisti,

130 3816 209 3894 quod
232 3816 263 3876 in
286 3816 400 3877 lethaea
428 3836 479 3878 ora
502 3817 650 3879 oblivione
678 3834 741 3877 non
770 3823 872 3895 captus
897 3835 938 3877 es.
984 3816 1152 3879 Perrexisse
1175 3825 1274 3879 autem

130 3912 257 3993 scriptor
278 3915 409 3976 videtur:
439 3909 513 3975 Vae!
534 3929 630 3979 manet
650 3917 767 3977 heroam
791 3925 891 3976 contra
912 3934 1024 3977 manas.

216 4011 316 4091 ltaque
347 4012 437 4073 Culex
464 4021 548 4074 ortus
580 4013 735 4075 mendacio
767 4032 800 4074 ac
828 4013 1018 4074 simulatione
1044 4008 1163 4075 falsarii.
1208 4013 1275 4073 Non

129 4111 215 4171 deest
237 4110 316 4189 quod
339 4110 406 4171 addi
428 4108 533 4189 possit.
577 4110 693 4171 Tenere
716 4110 917 4183 Quintilianus
941 4130 973 4172 se
994 4111 1066 4172 dixit
1085 4110 1176 4171 libros
1202 4110 1275 4170 ller-

130 4225 266 4286 magorae
291 4207 414 4268 nomine
434 4207 594 4287 inscriptos
623 4225 698 4287 quos
715 4215 816 4267 tamen
837 4208 862 4267 si
878 4207 944 4286 qais
966 4226 1015 4269 res
1038 4207 1185 4286 expositas
1205 4225 1275 4286 per-

129 4306 283 4385 pendisset
300 4305 499 4384 Hermagorae
522 4324 583 4365 non
600 4323 664 4367 esse
686 4305 906 4382 intellegeretur
922 4305 960 4365 lll
976 4306 1004 4379 5,
1024 4306 1077 4365 14:
1100 4308 1159 4366 noe
1180 4306 1275 4384 falsas

127 4413 167 4464 est
189 4405 289 4465 titulus
310 4406 369 4466 siae
392 4405 467 4465 alias
489 4403 534 4464 ln'c
555 4402 749 4484 Hermagoras
769 4404 837 4482 fait.
875 4402 987 4464 Tamen
1009 4403 1088 4464 idern
1112 4403 1144 4463 in
1166 4403 1219 4463 alia
1242 4420 1274 4462 re
