2962 5010
617 274 862 338 -102-

165 455 261 518 batur.
295 463 325 514 at
359 457 453 513 forma
486 458 529 513 vis
550 451 716 514 rectissima
739 460 794 523 est,
817 448 984 511 of.11586.
1007 449 1133 510 111265.
1179 451 1318 512 Eandem

165 561 288 632 propter
310 553 456 613 rationem
486 551 559 612 mihi
591 552 710 629 quidem
745 559 825 612 extra
848 549 1065 611 dubitationem
1089 567 1208 610 omnem
1232 550 1319 630 posi-

168 662 232 714 tuur
256 659 300 713 est
322 651 353 711 in
375 671 401 711 v.
422 650 502 711 1939
525 650 668 730 scripturn
693 650 782 711 luisse
805 656 855 711 aut
878 649 934 709 boc
956 655 1006 709 aut
1029 648 1137 709 simile:

266 777 397 838 Alituum
421 796 436 838 a
459 794 568 856 parvo
593 793 685 854 genus
708 775 760 836 alis
784 792 874 835 omne
896 773 1029 835 videmus
1051 773 1155 835 Fidere

164 905 193 965 id
218 911 276 964 est:
311 904 369 965 ianr
393 902 428 964 ab
453 910 565 963 orout
596 900 700 962 dicunt
722 899 774 961 alis
797 900 901 961 liduut.
947 899 1023 971 Quid
1046 896 1138 960 vero?
1171 900 1314 962 hariolari

166 1003 190 1065 si
212 1004 351 1083 placeret,
385 1002 455 1063 illud
489 1001 619 1063 condetur
648 1003 705 1060 ium
729 999 809 1079 quod
832 999 863 1059 in
885 997 980 1078 prima
1003 998 1092 1060 huius
1114 999 1205 1060 libelli
1228 1010 1315 1078 parte

164 1100 372 1180 castigavimus
388 1109 421 1160 ut
436 1099 578 1161 scriberet
600 1098 691 1159 falsus
708 1097 829 1158 Ovidius
845 1116 881 1158 au
899 1096 1034 1159 Lucretio
1057 1098 1133 1158 lecto
1155 1097 1315 1159 inductum

165 1196 376 1279 suspicareris?
399 1217 468 1259 narn
484 1198 515 1258 in
532 1217 558 1258 v.
581 1197 659 1258 1038
675 1196 829 1258 Lucretius
844 1205 896 1258 aut
911 1201 961 1258 viar
977 1201 1062 1258 etium
1078 1196 1151 1257 duce
1164 1183 1315 1269 Quadrato

165 1278 216 1360 aut
243 1298 442 1358 Vindomium
466 1295 598 1376 Oblongo
623 1296 697 1356 duce
720 1295 875 1374 scripsisse
891 1294 1032 1356 dicendus
1056 1302 1114 1368 est:
1136 1301 1225 1374 atque
1241 1295 1314 1357 illud

69 1471 71 1475 ι
166 1396 296 1458 editores
319 1414 437 1456 summo
461 1395 580 1474 quidem
610 1394 674 1455 iure
698 1393 917 1473 praetulerunt3
950 1394 1007 1455 hoc
1029 1411 1099 1454 vcro
1133 1412 1206 1454 num
1234 1393 1314 1456 forte

165 1495 196 1556 in
219 1513 274 1555 suo
298 1494 431 1573 exemplo
448 1493 601 1555 Neroneus
623 1500 710 1572 poeta
725 1494 822 1570 legere
844 1489 1020 1553 videbatur?
1057 1488 1201 1554 Omittere
1224 1509 1263 1553 ne
1283 1492 1313 1553 id

166 1591 284 1673 quidem
318 1611 371 1671 par
405 1601 458 1665 est,
489 1593 632 1654 adsonare
655 1591 742 1654 etiam
769 1591 827 1651 llal.
853 1610 878 1650 v.
896 1590 933 1652 81
960 1591 995 1652 ad
1018 1589 1135 1652 Lucreti
1157 1609 1183 1651 v.
1201 1591 1222 1650 V
1240 1589 1313 1664 784,

166 1690 257 1773 magis
281 1698 381 1752 tamen
405 1693 440 1752 ad
466 1691 573 1770 Vergili
593 1690 665 1755 Aen.
681 1689 706 1749 ll
722 1687 794 1750 498.

175 1872 177 1876 ι
252 1789 339 1861 Quod
361 1807 431 1850 vero
454 1789 486 1850 in
508 1789 571 1850 Hal.
589 1808 614 1850 v.
633 1787 651 1848 8
667 1787 807 1849 traditur:

669 1915 807 1976 omnibus
830 1915 949 1975 hostem

150 2037 152 2040 ’
266 2014 511 2093 Praesidiumque
535 2014 636 2075 datum
661 2014 774 2076 sentire
798 2022 828 2075 et
850 2030 974 2074 noscere
995 2012 1047 2074 teli

268 2113 395 2192 Vimque
418 2113 599 2192 modumque
622 2113 677 2184 sui,

166 2256 324 2319 perperam
342 2236 479 2298 traditur.
521 2229 655 2298 Primum
683 2237 762 2298 enim
789 2238 830 2299 ita
845 2245 926 2300 totus
949 2253 1054 2299 sensus
1070 2237 1196 2317 partitus
1212 2247 1259 2300 est
1280 2247 1315 2300 ut

166 2355 220 2417 pro
246 2336 395 2417 praesidio
412 2342 585 2416 expectetur
600 2334 762 2398 consimilis
785 2336 864 2399 hosti
880 2337 980 2412 notio:
1003 2336 1108 2398 deinde
1130 2337 1314 2416 praesidium

168 2436 244 2496 male
271 2434 380 2496 dicitur
402 2435 519 2498 sentiri:
553 2437 683 2498 sentitur
710 2437 983 2509 hostis‚,noscitur
1005 2437 1047 2497 vis
1070 2437 1198 2516 propria,
1224 2454 1314 2516 prae-

167 2535 275 2596 sidium
303 2544 429 2614 paratur.
473 2536 581 2596 Errare
607 2535 739 2614 graviore
756 2535 965 2617 Perniciempuc
987 2536 1087 2597 dotum
1107 2539 1210 2597 sentire
1236 2535 1313 2598 obli-

166 2633 260 2695 tuisse
276 2633 468 2708 crediderim:
497 2628 640 2714 ὄλεθρον
661 2633 772 2696 scilieet
787 2634 866 2714 quod
882 2652 1002 2714 semper
1017 2634 1160 2715 effugiunt
1175 2634 1314 2697 animalia

167 2731 245 2811 apud
261 2732 387 2792 Graecos
404 2731 644 2812 Oppianumque,
668 2732 815 2810 pernicies
835 2733 915 2812 apud
930 2732 1051 2794 Latinos
1068 2732 1176 2795 dicitur
1190 2741 1221 2794 et
1234 2736 1315 2814 apud

167 2832 309 2892 Senecam
326 2830 549 2911 philosophum,
577 2830 662 2891 cuius
690 2831 815 2910 epistula
840 2831 898 2892 121
928 2831 1016 2911 digna
1041 2840 1086 2893 est
1111 2851 1202 2912 quarn
1228 2852 1313 2894 com·

166 2947 266 3007 pares:
289 2928 341 2991 ubi
362 2929 507 2991 docemur
532 2929 648 2992 nullum
675 2930 786 2992 animal
811 2930 847 2992 ad
874 2949 962 2992 usum
989 2930 1035 2992 sui
1055 2931 1128 2992 rude
1145 2950 1210 2992 esse
1226 2931 1256 3010 (ς
1269 2931 1313 3010 9),

168 3026 262 3087 tacitis
289 3024 407 3106 quoque
434 3035 462 3088 et
488 3028 585 3089 brutis
612 3029 745 3108 quamvis
765 3029 797 3090 in
818 3037 916 3090 cetera
934 3036 1075 3111 torpeant
1094 3030 1131 3090 ad
1154 3019 1313 3093 vivendum
1344 3022 1350 3035 ‘

167 3125 325 3187 sollertiam
355 3144 421 3186 esse
448 3125 479 3203 (ξ
496 3125 569 3202 24);
601 3134 691 3206 atque
716 3135 747 3188 ut
773 3127 872 3189 videas
898 3127 928 3188 in
954 3127 1017 3188 Hal.
1037 3129 1099 3188 v.7
1127 3128 1312 3190 verissimam

167 3224 336 3285 Stoicorum
350 3222 516 3286 doctrinam
528 3225 647 3286 reterri:
664 3226 824 3297 „Omnibus
839 3227 957 3304 ignotae
971 3230 1070 3289 mortis
1085 3229 1203 3291 timor“:
1219 3228 1313 3292 refert

168 3325 279 3385 Seneca
296 3327 448 3403 quoque§
468 3322 507 3383 19
530 3325 629 3386 inesse
645 3324 819 3386 animalibus
835 3325 965 3386 nocituri
980 3325 1133 3387 scientiam
1155 3346 1228 3388 non
1250 3345 1313 3389 eu-

167 3421 381 3500 perirnento
404 3423 621 3485 collectam:
656 3442 733 3485 narn
758 3431 953 3502 antequam
976 3425 1125 3504 possint
1148 3426 1313 3505 experiri

167 3539 303 3582 cavere.
350 3520 417 3583 Non
439 3528 539 3583 autem
566 3521 727 3584 attendisse
744 3520 846 3583 doctos
863 3522 939 3584 viros
966 3523 1051 3584 video
1074 3524 1144 3585 huic
1169 3524 1313 3604 epistulae

166 3619 294 3680 formam
326 3617 423 3680 datam
455 3639 520 3683 esse
550 3620 672 3699 dialogi:
717 3618 792 3693 Ideo,
822 3624 920 3702 a'uqm't,
947 3632 1045 3701 partes
1074 3642 1141 3684 suus
1162 3642 1224 3703 eqs.
1248 3625 1310 3698 §b

170 3717 346 3788 Consolatio,
373 3721 471 3800 iuquit,
495 3723 567 3793 est§
587 3719 634 3778 10.
676 3717 782 3791 Dicitis,
802 3724 903 3800 iuquit,
927 3738 1007 3782 omne
1023 3724 1040 3796 ξ
1057 3722 1106 3782 14.
1149 3722 1239 3794 Quem
1276 3723 1314 3785 ud

167 3817 291 3888 modurn,
303 3820 402 3898 torpuit,
415 3817 519 3878 editum
531 3821 548 3892 ξ
561 3817 606 3878 19.
628 3817 764 3879 Efficitur
776 3817 845 3879 hinc
857 3819 1036 3881 emendandi
1047 3819 1078 3880 in
1091 3819 1156 3895 §21
1171 3820 1312 3899 cilicium,

167 3915 222 3975 ita:
259 3913 419 3988 Quomodo,
441 3916 547 3995 inquit,
570 3934 650 3976 emate
674 3917 783 3977 animal
805 3921 967 3997 pernicioso
987 3919 1147 3998 intercepere
1170 3917 1313 3981 cunctor?

167 4013 223 4074 Sed
250 4012 329 4074 enirn
356 4013 427 4091 quid
454 4022 499 4074 est
525 4011 668 4075 conatur?
699 4015 788 4077 Potest
810 4017 1002 4079 scribendum
1029 4018 1134 4079 saltem
1160 4018 1230 4093 fuit:
1260 4019 1312 4080 sed

168 4131 417 4192 supervacaneum
433 4114 462 4174 id
480 4133 613 4194 quoque:
635 4115 722 4176 retice
738 4119 924 4192 coniectorum
948 4134 1016 4178 narn
1034 4117 1111 4177 male
1126 4101 1173 4178 hie
1189 4116 1311 4178 mendo-

167 4230 234 4273 sum
265 4212 396 4273 codicem
427 4213 617 4293 archetypum
654 4213 746 4276 luisse
776 4215 822 4274 vel
855 4215 923 4276 iude
952 4224 1032 4294 patet
1062 4216 1140 4295 quod
1172 4214 1259 4276 verba
1288 4220 1320 4277 si·

168 4320 263 4372 tomen
277 4315 367 4390 arripis
383 4311 475 4374 dicum
492 4313 601 4374 >falsum
625 4331 658 4374 ea
674 4313 706 4374 in
722 4313 819 4378 locum
835 4321 936 4393 aperte
952 4321 1151 4394 transportata
1166 4313 1312 4376 'excidisse

166 4411 228 4469 sere
248 4418 317 4488 post
343 4413 517 4472 coniectatur
532 4419 666 4491 oportet:
685 4412 727 4473 sic
747 4412 828 4474 enim
845 4412 956 4474 Seneca
979 4414 1014 4476 ad
1038 4412 1196 4481 adversarii
1219 4413 1312 4481 inter*
