2962 5010
636 303 855 367 ..63-

169 477 281 538 Eadem
315 478 377 556 lege
408 476 575 556 explicanda
601 486 672 540 sunt
699 487 729 539 et
757 479 835 558 quod
867 478 898 538 in
926 479 1036 541 euhoe
1052 480 1210 542 durissime
1238 482 1313 560 legi-

169 584 219 637 tur
243 582 282 653 (v.
299 576 389 656 277):

272 691 472 764 Sedlortuna
497 691 624 752 valens
648 692 788 753 audacem
811 692 920 755 fecerat
944 703 1047 768 ante,

170 815 198 866 et
221 806 276 868 alia
300 808 387 869 etiam
404 807 576 879 difficiliora,
601 808 681 869 velut
702 809 733 869 in
751 810 823 871 Ciris
845 810 910 871 loco
933 818 966 871 ut
990 811 1141 873 videbatur
1156 813 1312 892 desperato

169 912 200 965 et
222 904 505 967 coniecturientibus
521 905 712 967 celeberrimo
730 927 755 969 v.
773 905 812 967 13
836 908 892 968 iam
917 909 1027 969 nullam
1043 910 1128 971 nobis
1150 911 1312 971 litterulam

169 1003 328 1065 immutare
351 1021 425 1083 opus
449 1011 508 1075 est,
538 1003 595 1064 nisi
617 1005 697 1084 quod
720 1007 921 1068 antecedentis
946 1027 1048 1070 versus
1076 1009 1236 1071 clausulam
1261 1008 1314 1069 ab·

170 1101 291 1164 scissam
315 1102 530 1183 complebimus
552 1102 608 1164 ita:

271 1227 354 1298 Quod
377 1226 409 1288 si
432 1228 587 1289 mirificum
610 1244 703 1306 genus
727 1247 815 1289 omne
838 1231 953 1306 sionare
976 1230 1112 1308 valerem]
1216 1239 1226 1256 ⁸

270 1325 444 1399 (bliriticum
465 1325 583 1388 saecli
605 1326 693 1386 modo
717 1325 756 1388 sit
777 1327 832 1389 tibi
854 1328 928 1389 velle
950 1328 1096 1410 libido),

270 1424 307 1484 Si
331 1444 377 1485 me
400 1424 459 1486 iam
481 1443 599 1486 summa
622 1424 774 1503 Sapientia
796 1436 940 1506 pangeret
963 1447 1028 1490 arce
1045 1475 1052 1490 .
1070 1475 1076 1489 .
1094 1476 1100 1490 .
1118 1475 1137 1500 .‚

270 1522 336 1582 Non
360 1541 412 1601 ego
436 1530 466 1583 te
488 1524 577 1585 talem
602 1541 758 1585 venerarer
783 1543 907 1586 munere
930 1526 996 1600 tali;

169 1664 237 1708 nam
262 1667 336 1728 quae
358 1649 390 1710 in
405 1649 576 1728 parenthesi
591 1650 686 1728 posita
703 1651 782 1721 sunt,
805 1649 886 1709 hunc
901 1648 1013 1709 habent
1036 1668 1176 1711 sensum:
1201 1654 1312 1725 „modo

170 1746 209 1806 sit
230 1745 284 1806 tihi
306 1746 395 1807 saecli
416 1746 506 1807 huius
529 1747 636 1807 libido:
665 1747 738 1807 velle
761 1746 936 1819 mirificum,
959 1747 1016 1808 boc
1039 1755 1100 1807 est:
1126 1748 1216 1809 scribi
1239 1750 1313 1812 velle

170 1843 347 1920 mirabilia“;
370 1845 480 1906 scilicet
501 1844 652 1906 saeculum
675 1844 744 1905 illud
769 1844 894 1923 quadarn
917 1863 987 1905 sane
1009 1831 1131 1906 libidine
1156 1853 1185 1906 et
1205 1849 1311 1909 Aratea

170 1952 200 2002 et
221 1961 268 2003 res
292 1943 417 2021 magicas
441 1944 475 2004 ad
505 1942 691 2019 astrologiam
715 1942 828 2002 adfines
856 1942 1023 2004 sectabatur
1044 1943 1171 2005 testibus
1196 1952 1226 2006 et
1249 1946 1312 2006 aliis

170 2047 200 2098 et
219 2039 336 2101 Manilio
360 2058 448 2119 quem
478 2039 575 2101 dicere
603 2039 820 2100 consuevimus.
865 2040 998 2119 Denique
1021 2040 1154 2102 Tibullus
1178 2061 1230 2103 cur
1251 2060 1312 2104 uon

168 2138 283 2216 planius
316 2138 442 2199 scribere
475 2137 647 2217 praetulerit
669 2136 732 2198 Huc
755 2137 821 2198 odes
843 2147 869 2197 et
892 2148 1003 2199 centum
1035 2143 1150 2217 ponium
1178 2141 1312 2221 ludosque

168 2239 274 2300 choreis
290 2235 467 2307 Concelebra,
490 2237 662 2316 peritiorem
678 2237 788 2297 sentire
804 2254 924 2298 necesse
947 2245 1000 2298 est.
1034 2239 1131 2317 Atque
1147 2241 1309 2317 permirum

168 2345 213 2398 est
236 2336 316 2415 quod
339 2335 402 2414 ipse
424 2335 633 2397 Lachmannus
657 2336 706 2414 qui
730 2335 761 2395 in
783 2335 955 2397 Disseniana
979 2335 1108 2397 editione
1129 2341 1311 2401 recensenda

167 2436 268 2496 falsam
292 2435 369 2494 illam
393 2434 575 2514 anaphoram
598 2433 714 2495 Tibullo
737 2450 799 2493 non
816 2433 879 2495 dari
894 2450 955 2494 non
972 2434 1043 2505 vult,
1059 2443 1160 2496 contra
1177 2437 1257 2498 idem
1275 2438 1311 2498 ad

167 2532 354 2612 Propertium
369 2551 399 2611 p.
418 2532 477 2593 198
495 2533 617 2594 eandem
634 2533 766 2611 putidam
790 2531 863 2593 dixit
885 2541 915 2592 et
937 2531 964 2591 vi
987 2533 1138 2611 gratiaque
1161 2545 1311 2596 carentem

169 2633 296 2710 deniqne
317 2631 561 2710 expungendam
582 2631 701 2710 scripsit
723 2632 802 2691 enim
826 2631 999 2711 Propertius
1015 2631 1053 2690 lll
1069 2631 1119 2702 27,
1137 2633 1244 2713 7sqq.:

267 2759 381 2818 Rursus
405 2765 434 2817 et
457 2756 601 2818 obiectum
627 2756 704 2817 fletis
728 2756 815 2836 capiti
839 2775 902 2818 esse
925 2757 1086 2818 tumultum

310 2854 384 2915 Cum
408 2854 521 2916 Mavors
545 2854 648 2915 dubias
672 2855 775 2916 miscet
797 2854 949 2935 utrimque
971 2873 1087 2925 manus,

267 2953 421 3015 Praeterea
445 2953 623 3015 domibus
646 2953 795 3015 dammam
819 2953 1067 3033 domibusque
1090 2953 1201 3025 ruinas,

309 3051 372 3113 Neu
395 3051 521 3113 subeant
542 3052 632 3113 labris
654 3052 758 3132 pocula
779 3052 861 3131 nigra
885 3051 953 3113 tuis.

166 3177 208 3238 De
232 3176 338 3256 quibus
361 3176 492 3238 Muelleri
521 3177 627 3257 placita
659 3195 721 3237 non
751 3196 862 3238 moror.
906 3177 992 3238 Patet
1021 3176 1100 3237 euim
1131 3194 1193 3237 non
1222 3188 1310 3256 caput

167 3275 310 3348 tumultu,
344 3276 395 3336 scd
430 3275 518 3355 capiti
551 3276 713 3336 tumultum
748 3275 898 3336 obiectum
933 3273 1071 3336 audacius
1100 3275 1157 3335 dici
1188 3282 1222 3335 ut
1252 3294 1309 3337 una

168 3372 313 3435 enuntiati
336 3381 483 3434 structura
507 3374 648 3453 coniungi
671 3385 738 3453 apte
754 3374 869 3453 possint
893 3373 980 3433 etiam
1004 3373 1120 3434 ilamma
1145 3382 1174 3435 et
1196 3372 1310 3434 ruinae.

87 3450 101 3477 ⁶
168 3471 269 3551 Neque
292 3491 307 3532 a
330 3455 523 3551 Propertiano
548 3492 599 3533 ore
626 3472 756 3535 alienum
779 3472 835 3532 fuit
858 3472 928 3533 illud
951 3471 1029 3549 flere,
1055 3472 1112 3533 hoc
1135 3481 1178 3533 est
1201 3473 1310 3534 timore

168 3587 285 3630 summo
308 3569 383 3647 angi,
405 3588 440 3629 ne
458 3571 565 3649 poculo
586 3572 704 3632 subeant
721 3590 782 3650 eqs.
816 3570 858 3631 lta
882 3580 987 3630 terrere
1009 3588 1044 3630 ne
1059 3570 1196 3631 Horatius
1219 3589 1308 3631 carm.

167 3667 259 3740 125
281 3668 361 3729 solus
385 3677 415 3729 et
437 3686 515 3730 unus
538 3669 636 3730 dicere
659 3688 748 3730 ausus
771 3680 829 3730 est:
854 3687 923 3729 nam
946 3669 978 3728 in
994 3669 1166 3748 Panegyrici
1186 3668 1216 3728 in
1231 3668 1310 3730 Mes-

167 3767 267 3827 sallam
291 3764 353 3826 v.2
377 3785 465 3845 quem
489 3778 736 3846 comparaverunt
758 3769 904 3848 scriptum
928 3767 1055 3830 fuitne
1077 3768 1101 3828 si
1126 3767 1224 3828 audis:

267 3891 309 3952 Te
331 3891 461 3951 Messalla
484 3909 597 3952 canam.
642 3893 829 3972 Quamquam
853 3913 900 3954 mc
923 3892 1038 3971 cognita
1062 3891 1154 3952 virtus

267 3989 372 4050 Terret
395 4007 440 4048 an
462 3987 599 4048 infirmae
619 3989 735 4050 valcant
757 3991 918 4052 subsistere
941 3989 1028 4061 vires,

267 4085 408 4166 Incipiam
431 4092 542 4146 tamen.

167 4209 226 4270 Sed
249 4210 422 4290 Propertius
451 4211 541 4271 etiam
571 4211 663 4271 altero
693 4210 759 4272 loeo
782 4211 805 4271 ll
824 4212 852 4283 7,
869 4211 902 4271 3:
930 4211 1032 4287 motus
1058 4220 1176 4289 uterque
1199 4211 1251 4271 diu
1273 4209 1311 4269 Ni

165 4324 217 4368 nos
241 4309 383 4369 divideret.
421 4308 481 4369 lam
503 4309 533 4368 in
551 4308 650 4387 priore
665 4309 714 4369 illo
731 4307 798 4386 quia
820 4317 850 4368 et
864 4309 982 4368 flamma
1004 4317 1034 4368 et
1056 4307 1159 4368 ruinae
1175 4308 1211 4369 ad
1235 4308 1308 4368 nihil

167 4406 258 4484 magis
282 4425 370 4485 quam
393 4408 430 4467 ad
453 4408 558 4469 domos
581 4407 743 4487 pertinent,
771 4405 984 4466 mutationibus
1012 4405 1042 4466 in
1074 4406 1121 4465 tali
1146 4416 1231 4485 poeta
1256 4406 1307 4466 ab·
