2962 5010
680 308 903 372 „gg-

223 501 304 546 arma
335 483 473 544 *conterre
506 483 582 562 apud
616 483 762 563 Nepotem
795 481 827 544 in
859 482 994 546 Eumene
1026 479 1127 559 x1‚5;
1164 480 1243 544 unde
1276 483 1365 543 etiam

223 581 447 662 simpliciterne
475 579 582 646 collam
611 589 715 644 auctor
735 581 785 643 ille
811 580 880 644 belli
906 583 1109 663 Hispaniensis
1136 580 1181 663 cp.
1205 580 1263 656 313
1295 592 1366 659 pec·-

223 687 287 741 tora
308 677 477 758 pectoribus
499 678 658 741 conferunt
678 680 823 742 luctantes
846 680 924 761 apud
953 680 1098 743 Nasonem
1125 679 1194 742 nec
1217 678 1266 752 Vl,
1288 677 1367 753 2423

222 779 304 840 idem
323 777 523 857 pulcherrime
545 777 648 841 collato
669 777 762 842 Marte
784 778 851 840 Met.
873 777 937 851 llll,
961 777 1032 840 379.
1075 779 1137 842 Iam
1161 778 1210 841 ubi
1236 779 1367 841 bumana

222 877 307 958 plura
340 876 514 938 animalibus
546 876 736 947 tribuuntur,
765 875 856 939 etiam
889 894 970 939 arma
1003 877 1137 940 conferat
1168 877 1263 940 bestia
1297 896 1366 941 cum

157 1019 160 1025 ,
222 975 351 1040 bomine.
396 974 455 1037 Sed
478 992 623 1055 quaenam
644 975 699 1038 bae
720 974 846 1047 bestiae,
879 993 956 1055 quae
977 975 1123 1057 proelium
1145 975 1264 1050 ineant,
1292 976 1367 1039 inito

222 1075 336 1157 proelio
349 1074 503 1136 bominem
519 1074 668 1154 effugiant,
691 1075 798 1137 deinde
813 1074 966 1154 aufugiant
990 1081 1021 1136 ut
1042 1073 1240 1155 insequantur
1253 1071 1367 1139 canes?

222 1174 375 1254 Aprumn'e
396 1174 520 1235 unicum
543 1169 677 1252 cogites?
698 1173 921 1237 ci.Bentleiun1
943 1174 978 1236 ad
1001 1173 1106 1236 Horati
1127 1174 1158 1235 C·
1179 1174 1218 1235 lll
1242 1173 1291 1246 12,
1314 1173 1368 1249 103

222 1281 322 1336 tamen
338 1274 422 1336 aliter
437 1274 473 1334 de
488 1290 523 1335 eo
538 1272 682 1352 Vergilius
697 1273 770 1335 Aen.
786 1271 813 1333 X
829 1271 902 1335 708.
930 1271 1034 1353 Neque
1046 1273 1207 1354 perdamus
1229 1270 1368 1337 acumina

223 1378 325 1433 nostra
340 1370 511 1451 explicando
526 1369 618 1432 hebes
640 1370 697 1432 boc
711 1369 864 1449 ingenium
880 1369 950 1450 quid
967 1368 1085 1451 quaque
1099 1370 1216 1434 iuseitia
1231 1371 1367 1433 voluerit.

225 1472 351 1550 Accepta
374 1476 473 1531 autern
494 1469 543 1530 illa
566 1468 810 1548 interpretatione
833 1487 887 1531 cur
907 1486 1007 1549 qoem
1027 1468 1118 1532 Ulitio
1141 1470 1215 1533 duce
1237 1469 1368 1550 corriga-

224 1585 292 1631 mus
315 1586 401 1630 causa
422 1568 503 1630 nulla
526 1567 590 1629 erit.

158 1752 162 1759 .
308 1678 351 1740 to
373 1697 417 1740 vv.
442 1672 577 1739 85-91Ι
590 1678 733 1741 accedens
755 1677 885 1759 indignis
914 1696 966 1741 eos
994 1679 1118 1742 obrutos
1148 1677 1368 1766 difficultatibus

225 1777 335 1843 videbis
357 1777 421 1838 sine
443 1774 533 1839 dubio
561 1795 637 1856 quae
660 1776 748 1838 solito
771 1795 854 1839 more
883 1778 1018 1857 castigari
1047 1778 1138 1854 velis,
1165 1778 1252 1841 nobis
1280 1778 1370 1841 easti-

224 1875 312 1956 gandi
334 1875 426 1954 magis'
454 1874 583 1936 editores
610 1874 761 1948 videntum
795 1893 894 1955 neque
926 1875 987 1936 iam
1016 1876 1056 1939 ita
1086 1876 1215 1940 multum
1243 1877 1370 1938 interest

223 1975 330 2054 plusne
351 1992 391 2036 au
414 1973 513 2035 minus
535 1972 632 2035 vitiosi
660 1993 695 2034 ex
721 1972 795 2036 ralso
824 1974 882 2036 iste
911 1973 1013 2036 Ondio
1044 1970 1226 2039 comeretur.
1271 1975 1368 2056 Prope

224 2074 293 2135 litus
322 2071 503 2133 manendum
533 2071 672 2151 piscatori
700 2078 759 2143 est3
791 2069 831 2133 ibi
858 2072 956 2134 locum
990 2062 1047 2134 sibi
1076 2081 1178 2154 aptum
1205 2073 1292 2154 eligat
1317 2078 1371 2136 aut

224 2188 361 2233 saxosum
390 2177 441 2231 aut
467 2167 645 2230 umbrosum
675 2176 727 2230 aut
753 2170 882 2250 denique
909 2168 1081 2234 herbosum.
1125 2171 1204 2260 llaec
1235 2172 1369 2234 locorum

224 2269 328 2331 divisio
350 2262 504 2330 inducitur
523 2267 601 2346 apud
623 2265 794 2329 Merkelium
809 2268 899 2330 nimis
915 2286 984 2330 eum
998 2268 1199 2361 indulgentem
1223 2268 1367 2332 arbitriis:

325 2398 408 2459 Inter
429 2403 592 2477 utrumque
614 2395 670 2459 loci
694 2396 799 2458 melius
821 2397 1013 2461 moderabere
1034 2398 1139 2461 linum.

226 2514 307 2586 Quae
329 2512 415 2574 lectio
438 2531 477 2574 ne
507 2531 559 2592 ego
588 2511 708 2593 quidem
738 2511 840 2575 animo
868 2529 906 2575 ne
933 2524 1134 2578 succresceret
1167 2514 1256 2577 vitari
1286 2532 1370 2577 cour·

225 2618 327 2693 parato
369 2609 495 2673 Nasonis
529 2629 615 2672 versu
648 2610 720 2672 blet.
749 2608 829 2682 XIII,
858 2609 935 2674 923:
977 2613 1061 2676 Nunc
1093 2617 1124 2675 in
1162 2613 1235 2676 mole
1271 2612 1372 2676 sedem

225 2710 398 2772 modrcbar
429 2709 592 2772 larandon
622 2709 713 2771 linum
742 2727 871 2791 quocum
902 2711 1099 2775 conterendus
1130 2712 1294 2775 moderator
1315 2712 1369 2775 ia-

225 2809 359 2870 ruodiois
390 2805 460 2869 Met.
483 2807 553 2880 VIII,
578 2805 649 2869 847.
704 2808 817 2871 Tamen
844 2826 878 2870 ea
905 2808 950 2872 uti
978 2810 1047 2874 nolo
1076 2818 1163 2871 antea
1196 2829 1284 2891 quarn
1318 2810 1372 2872 de-

225 2912 425 2982 monstratum
449 2911 493 2966 est
508 2904 645 2985 coniungi
658 2907 793 2986 petuisse
814 2909 890 2968 inter
903 2915 1057 2987 utrumque
1072 2905 1136 2980 loci,
1158 2906 1210 2968 ubi
1232 2914 1368 2987 expectat

225 3004 303 3066 inter
332 3012 493 3084 utrumque
522 3004 569 3065 vel
595 3004 693 3066 locum
717 3005 763 3067 rel
784 3005 927 3067 locorum.
979 3004 1128 3086 Exemplis
1157 3006 1285 3068 maxime
1310 3005 1369 3068 ilbs

225 3103 375 3167 Ovidianis
414 3122 490 3184 quae
527 3122 555 3184 p.
593 3103 631 3163 12
667 3104 849 3184 aggessimus
880 3111 1016 3167 vetamur
1056 3121 1096 3166 ue
1133 3121 1196 3166 non
1235 3104 1370 3167 absolute

225 3208 300 3267 inter
332 3213 484 3286 utrumque
517 3203 650 3284 positum
684 3204 776 3268 tuisse
809 3223 974 3266 sumamus.
1017 3204 1121 3283 Itaque
1153 3201 1296 3282 quoniam
1328 3220 1369 3262 ue

226 3303 263 3364 de
286 3304 343 3366 loci
362 3302 481 3382 quidem
508 3303 637 3370 lectione
659 3303 738 3365 serio
759 3301 889 3365 dubitari
911 3307 1020 3383 potest,
1043 3300 1228 3381 agnoscenda
1250 3298 1370 3380 propria

225 3401 314 3463 buius
338 3401 491 3482 scriptoris
514 3401 635 3464 andacia
658 3407 703 3462 est
726 3399 776 3481 qui
798 3399 910 3462 scilicet
923 3399 1012 3462 finem
1028 3399 1085 3462 loci
1099 3398 1247 3460 moderari
1261 3398 1370 3472 irrbeat,

224 3500 281 3560 boc
308 3507 354 3561 est
383 3499 483 3573 ‚nario
515 3499 604 3560 modo
630 3500 729 3560 locum
757 3496 907 3559 definIre“.
951 3495 1037 3558 Vides
1070 3496 1161 3575 igitur
1192 3497 1282 3558 etiam
1313 3496 1371 3558 boc

226 3617 289 3661 esse
311 3597 341 3661 in
364 3616 424 3677 quo
447 3595 631 3675 aliquatenus
654 3594 740 3656 Ovidi
762 3594 856 3657 lector
877 3594 972 3674 possit
992 3595 1126 3657 haerere.
1171 3594 1325 3676 Sequitur:

325 3713 437 3793 Aspera
460 3728 533 3773 num
556 3710 635 3773 saxis
657 3710 720 3772 loca
742 3709 804 3772 sint
827 3728 905 3791 eqs.3

225 3836 314 3910 atque
347 3828 448 3891 nescio
481 3846 555 3890 uum
589 3826 649 3889 iam
678 3827 861 3907 persuaseris
893 3824 947 3888 tibi
980 3831 1041 3888 tam
1075 3823 1122 3887 rix
1154 3824 1245 3887 latine
1278 3821 1370 3888 istum

226 3926 379 4006 scripsisse
400 3933 435 3987 ut
454 3924 601 4006 triplicem
625 3925 805 3988 seutentiam
836 3924 951 4006 optioni
979 3925 1063 3986 daret
1082 3922 1225 4005 pardoula
1246 3929 1290 3985 ter
1311 3941 1370 4005 po-

225 4029 281 4088 sita
297 4042 359 4086 uon
379 4026 447 4096 sice,
471 4022 523 4085 sed
545 4041 632 4096 oum3
665 4031 729 4085 tum
762 4024 800 4084 ad
827 4022 1013 4087 moderatore
1040 4022 1141 4085 animo
1172 4021 1369 4102 supplendum

226 4123 282 4187 erit
302 4126 458 4204 mequomo.
503 4119 562 4183 Sed
592 4121 732 4184 excidisse
762 4122 870 4203 aliquid
899 4128 967 4202 post
996 4140 1023 4181 v.
1047 4119 1087 4182 85
1115 4119 1241 4181 coniecit
1268 4118 1370 4199 Haup-

228 4223 295 4298 tius,
318 4228 407 4302 atque
429 4220 466 4281 ad
489 4238 554 4282 eam
577 4221 755 4282 firmandam
778 4221 980 4284 coniecturam
1002 4221 1059 4282 boc
1080 4216 1159 4292 iacit,
1187 4217 1266 4298 quod
1288 4216 1319 4278 in
1341 4237 1368 4278 v.

226 4321 268 4383 89
288 4319 442 4382 scribitur:
472 4338 541 4381 oum
561 4322 642 4381 varie
663 4320 780 4400 qao'dom
796 4322 966 4400 septemque
980 4326 1152 4398 petuntqoe3
1173 4315 1275 4394 fugere
1290 4312 1370 4378 enim

226 4419 292 4498 quis
314 4419 418 4481 dicitur
447 4426 477 4480 et
498 4414 672 4498 petessere?
699 4417 794 4497 pisces
821 4416 972 4479 nimirum.
1018 4415 1075 4478 Sed
1101 4412 1229 4495 piscium
1256 4431 1369 4477 nomen
