2962 5010
633 279 963 366 --82--ν

174 457 245 520 haec
266 456 346 522 nasci
371 459 455 520 facile
476 459 613 538 potuitp
639 457 749 530 littera;
776 457 875 537 itaque
902 473 1061 533 agnoscere
1089 454 1189 533 videor
1215 472 1322 517 vocem

173 559 299 638 dompno
322 558 405 620 ouius
427 556 598 619 terminatio
620 576 660 619 oo
675 563 832 636 postquam
855 565 924 617 ante
946 564 1060 619 nutaret
1082 573 1146 616 sese
1167 554 1322 629 subduxit,

63 693 64 696 =
172 656 326 736 indignum
349 656 419 718 illud
442 655 591 745 subrepsit
612 655 864 734 supplementum.
908 654 971 715 Hoc
992 653 1072 717 enim
1095 654 1205 732 cogito:

271 769 354 841 Quin
376 767 464 829 etiam
488 768 518 829 si
539 766 633 828 lorte
656 767 749 828 alius
771 766 830 846 qui
854 766 982 827 damna
1004 764 1146 827 notarit

273 867 352 928 Mitis
375 867 534 928 luctantem
559 883 662 928 scarus
684 865 764 927 hune
785 865 817 926 in
840 862 948 924 uimine
972 863 1060 940 vidit;

172 978 205 1038 in
227 977 335 1057 quibus
356 977 452 1056 possis
474 977 562 1039 etiam
584 985 708 1039 notarat.
753 975 883 1036 Societas
912 981 958 1036 est
983 973 1062 1041 enim
1085 991 1236 1036 scarorum
1259 992 1322 1055 φι-

172 1073 352 1158 λαλλήλων.
397 1077 457 1137 lam
480 1074 628 1136 societatis
650 1075 723 1137 alius
745 1074 793 1135 bic
815 1092 917 1136 scarus
939 1072 1052 1134 notavit
1073 1073 1194 1135 damna:
1222 1091 1322 1135 uuum

171 1175 254 1236 illum
278 1174 390 1236 abesse.
1300 1197 1303 1201 ss

258 1273 422 1334 Certiorem
451 1274 551 1334 etiam·
567 1272 604 1333 ad
631 1271 819 1351 insequentia
850 1271 993 1334 medelam
1026 1270 1183 1333 admovere
1205 1269 1319 1332 videor.

171 1371 227 1434 Ubi
250 1372 328 1452 quod
352 1370 474 1434 Heinsio
499 1371 637 1433 debetur:

272 1483 375 1545 aversi
397 1483 520 1546 caudam
543 1499 646 1544 morsu
669 1489 750 1543 tenet
772 1489 860 1561 atque
881 1481 1006 1542 lita...

272 1581 381 1642 Liber
401 1587 518 1642 servato
541 1599 630 1660 quem
652 1581 726 1643 texit
749 1580 811 1643 cive
833 1580 966 1658 resultat,

170 1696 229 1754 cive
250 1693 387 1754 restituto
409 1693 592 1772 praeclarum
616 1700 674 1766 est,
703 1699 834 1753 ceterum
861 1692 985 1767 falsum3
1011 1708 1050 1751 en
1073 1708 1136 1753 uon
1157 1690 1315 1753 ridiculum

170 1800 274 1871 putem
296 1790 484 1853 liberatorem
500 1792 536 1852 de
560 1810 618 1871 quo
641 1790 700 1852 iam
715 1799 815 1852 actum
830 1807 883 1870 per
904 1797 965 1850 tres
981 1808 1082 1851 versus
1105 1797 1151 1850 est
1166 1808 1317 1871 quemque

171 1908 237 1951 esse
258 1890 384 1951 liberum
399 1908 453 1970 per
468 1909 500 1951 se
515 1896 605 1969 patet,
629 1907 710 1949 nune
725 1888 847 1950 demum
863 1907 925 1950 non
941 1888 1034 1949 luisse
1057 1888 1113 1950 dici
1135 1889 1167 1949 in
1182 1885 1318 1950 vimine?

171 2007 269 2068 neque
297 1988 367 2050 adeo
394 1987 562 2066 germanice
587 1987 663 2048 verti
690 1987 774 2048 licet:
810 1987 863 2047 der
889 1977 1112 2067 (bekanntliob)
1141 1987 1230 2058 freie,
1262 1987 1314 2048 sed

170 2087 294 2148 rectius:
312 2087 353 2147 als
369 2086 417 2147 ein
433 2087 522 2148 freier
533 2086 621 2166 prallt
633 2106 666 2147 er
677 2085 815 2157 aurumi,
831 2085 915 2165 quasi
929 2085 955 2147 is
971 2085 1021 2164 qui
1032 2086 1155 2148 resultat
1165 2086 1315 2148 liberetur.

170 2184 248 2258 Quin
272 2185 361 2247 etiam
385 2185 483 2245 omnis
505 2184 654 2245 reicienda
671 2184 840 2273 coniectura
855 2201 1030 2264 quacunque
1052 2184 1185 2263 tangitur
1206 2185 1315 2253 modus

171 2283 377 2345 coniunctivus
410 2284 527 2344 resultet
559 2283 611 2362 qui
644 2283 715 2343 oriri
754 2281 936 2362 neglegentia
974 2282 1021 2344 vix
1053 2289 1178 2363 poterat.
1227 2284 1317 2357 Quod

170 2400 240 2443 vero
263 2381 394 2443 Riesius:
422 2385 505 2442 citato
531 2381 652 2444 Verbere
674 2392 787 2443 seruato
807 2400 869 2462 eqs.
897 2400 936 2443 ne
961 2381 1121 2460 probemus
1152 2380 1239 2443 etiam
1265 2399 1315 2443 res

169 2487 258 2554 ¹vetat.
302 2481 363 2540 lam
390 2489 449 2559 quo
477 2479 546 2540 illud
571 2479 659 2540 etiam
681 2467 755 2542 lito?
783 2479 947 2559 pertinebat
974 2479 1052 2541 haud
1080 2479 1167 2548 dubie
1189 2480 1225 2542 ad
1247 2497 1315 2558 grs-

169 2577 319 2639 vissimam
342 2577 488 2638 actionem
511 2577 545 2639 iu
565 2579 643 2657 quod
668 2597 771 2657 graece
794 2579 901 2641 dicitur
928 2575 1095 2660 ἐξείρυσσε
1117 2585 1146 2638 et
1169 2575 1313 2654 ἕλκουσι,

169 2676 248 2755 quod
270 2675 384 2736 Plinius
406 2675 576 2739 transcribit
603 2678 742 2739 odiuoore
763 2681 843 2738 nisus
875 2681 1062 2757 erumpentum
1096 2676 1200 2756 quodsi
1230 2684 1315 2753 ¹recte

169 2774 282 2834 conicio
301 2792 404 2850 *morso
424 2784 498 2836 tenet
521 2785 602 2855 etque
625 2774 742 2845 lucessit,
765 2775 880 2838 litterae
903 2777 1037 2838 turbatae
1058 2782 1130 2836 suut
1153 2781 1186 2836 ut
1207 2794 1235 2836 v.
1253 2773 1313 2835 127

163 2890 269 2950 poscor
292 2872 328 2932 de
350 2891 410 2951 quo
432 2871 508 2934 infra
525 2873 669 2947 dicemus;
692 2874 759 2935 ideo
778 2873 853 2936 Uber
867 2875 935 2956 quia
953 2893 1008 2955 pro
1030 2873 1079 2934 illo
1101 2873 1217 2936 resultet
1239 2892 1312 2935 con-

166 2970 297 3031 iunctivo
321 2970 491 3044 coniunctio
520 2959 615 3051 aliqua
639 2971 730 3055 luerit
760 2981 890 3054 oportet,
920 2974 1031 3035 nullam
1059 2972 1217 3036 lectionem
1240 2990 1313 3041 cou-

167 3068 306 3130 fidentius
328 3069 416 3149 posui
439 3088 528 3149 quam
552 3070 644 3131 hanc:

411 3184 534 3244 caudam
557 3200 661 3244 morsu
683 3190 875 3263 tenetatque
897 3185 1024 3261 lacessit,

268 3279 367 3342 llonec
387 3289 503 3343 servato
526 3300 617 3361 quem
638 3282 710 3343 texit
733 3281 794 3343 cive
816 3284 951 3366 resultet.

167 3391 315 3472 Scriptum
338 3392 430 3455 luisse
453 3392 526 3454 Doce
549 3394 728 3456 sumendum
758 3400 805 3454 est
831 3401 919 3475 atque
951 3394 1020 3456 hinc
1046 3394 1079 3455 in
1106 3391 1313 3473 langobardica

166 3489 310 3570 scriptura
343 3491 423 3552 nasei
458 3491 596 3553 facillime
617 3492 633 3552 b
655 3492 752 3553 littera
774 3499 906 3572 poterat,
940 3493 970 3554 in
1004 3511 1063 3573 qua
1095 3493 1178 3556 basta
1201 3493 1311 3555 duecte

165 3589 285 3650 tenuior
319 3596 364 3649 est
396 3597 604 3670 comparetque
635 3591 727 3668 magis
755 3608 882 3670 osupra
916 3610 1005 3670 quarn
1038 3592 1149 3670 virgula
1182 3599 1228 3654 est
1260 3591 1312 3652 ubi

165 3686 290 3748 addatur
311 3686 426 3760 librata,
448 3688 488 3750 ita
510 3687 589 3750 lere:
613 3697 637 3750 o.
676 3689 750 3749 Male
772 3697 873 3750 autem
897 3693 967 3753 teuit
988 3691 1034 3751 vel
1053 3693 1182 3770 proteuit
1204 3689 1312 3752 dicitur

164 3785 364 3863 procurante
400 3793 502 3846 tamen
535 3791 625 3848 trusit
656 3787 839 3848 substituere
872 3787 904 3849 in
932 3788 990 3849 isto
1017 3789 1162 3869 scriptore
1189 3788 1311 3863 haereo;

164 3901 220 3944 nec
235 3883 335 3945 minus
351 3883 470 3945 audacis
492 3883 716 3946 inertium
739 3884 919 3966 subsequitur
941 3894 987 3948 est
1010 3887 1090 3967 quod
1113 3886 1309 3967 interpretor:

164 4001 195 4043 se
217 3981 365 4045 subtrahit
387 4000 515 4062 sequens
538 3983 660 4071 caudam
683 4001 778 4047 suam.

709 4189 770 4251 Vll.

249 4303 380 4382 Contigit
398 4301 485 4366 nobis
504 4304 535 4365 in
552 4305 704 4384 scriptoris
720 4304 802 4367 latini
817 4304 858 4366 de·
868 4322 901 4366 re
916 4303 1072 4384 piscatoria
1088 4304 1310 4385 inquirentibus

164 4402 373 4482 experientiam
396 4410 429 4463 ut
450 4403 620 4465 vetustioris
640 4403 765 4493 alicuique
779 4403 934 4492 scriptoris
951 4404 988 4465 de
1003 4404 1128 4485 piscium
1151 4404 1311 4475 calliditate
