2962 5010
676 309 900 370 ..12-

162 463 164 466 ¹
221 486 335 546 Sonare
364 482 475 564 grande
502 483 626 544 videtur.
671 483 785 544 Sensus
812 490 863 545 aut
884 483 983 544 nullus
1011 489 1061 544 aut
1082 482 1204 544 ridicule
1227 502 1360 545 mancus.

103 580 106 588 '
148 646 154 662 ,
220 583 307 645 Modo
323 600 408 645 canes
424 577 565 655 laudavit'3
588 599 668 643 nunc
682 587 777 642 artem
793 589 886 654 vocat,
903 598 1073 661 quamnam,
1098 581 1122 643 si
1138 579 1255 662 placet?
1282 583 1361 644 Num

221 700 343 744 omnem
385 676 646 760 qualemcunque?
702 697 738 739 an
781 675 951 760 poeticam?
993 679 1159 760 Utrumque
1212 680 1360 742 insanum.

220 776 381 842 Praebetur
408 779 459 839 lux
485 797 557 838 voce
584 796 636 840 nec
662 787 756 838 tamen
783 777 815 838 in
843 796 869 837 v.
893 776 948 838 83:
978 795 1051 839 non
1078 780 1141 839 vult
1168 779 1275 858 pellere
1301 780 1362 842 lec-

220 886 314 939 torem
327 882 411 957 poeta
423 876 455 938 in
467 876 564 955 ipsum
580 874 711 937 medium
723 875 895 954 pelagus,
917 893 984 954 qua
994 895 1135 954 mquam
1150 877 1266 955 positus
1281 877 1363 940 labor

221 995 292 1038 suus
315 976 353 1036 sit
367 975 407 1036 i'n
422 981 502 1036 arte
524 973 756 1033 -necessario
778 972 929 1052 supplebis
951 974 1114 1052 pelagia,
1137 975 1194 1036 hoc
1215 981 1260 1036 est
1281 976 1363 1056 pis-

221 1072 375 1135 catoria.
404 1071 509 1151 Itaque
524 1071 555 1138 in
577 1070 749 1132 hexametro
772 1070 882 1132 amisso
911 1078 941 1132 et
962 1071 1020 1132 boc
1034 1070 1185 1151 legebatur
1205 1081 1235 1134 et
1250 1074 1362 1136 tuentio

219 1180 331 1246 terrae3
360 1169 484 1250 exprimi
513 1175 613 1230 autem
643 1186 678 1229 eo
708 1167 780 1228 nihil
801 1176 918 1247 poterat
946 1169 1003 1231 nisi
1030 1169 1171 1232 transitus
1193 1191 1210 1232 a
1232 1174 1365 1234 terrestri

221 1268 378 1331 venatione
411 1268 446 1329 ad
476 1266 607 1347 piscandi
636 1272 729 1327 artem
756 1265 862 1328 factus.
911 1267 996 1339 Quod
1024 1267 1097 1330 adeo
1119 1268 1240 1348 planum
1262 1278 1365 1333 estut

221 1385 289 1429 raro
311 1373 373 1428 tarn
396 1373 476 1428 certo
499 1364 606 1426 amissa
628 1364 777 1442 complere
800 1363 924 1426 licuerit.
969 1365 1118 1446 Scriptum
1143 1367 1207 1428 lere
1228 1368 1298 1429 fuit:

320 1518 374 1579 Ast
395 1516 458 1577 aliis
481 1523 618 1576 terram
642 1514 789 1576 cedamus.
833 1515 966 1594 Namque
989 1516 1132 1578 marina

319 1615 425 1676 Noster
446 1614 485 1675 in
508 1619 589 1674 arte
611 1610 693 1673 labor
715 1613 839 1692 positus,
861 1630 928 1691 spes
952 1613 1051 1675 omnis
1073 1613 1105 1675 in
1128 1615 1184 1676 illa.

319 1712 378 1772 Nec
400 1720 502 1773 tamen
525 1711 554 1771 in
577 1709 688 1771 medias
709 1710 836 1788 pelagi
857 1718 887 1770 te
909 1728 1031 1790 pergere
1053 1713 1138 1773 sedes

318 1810 502 1871 Admoneam
525 1809 658 1888 vastique
680 1808 769 1869 maris
792 1814 936 1888 temptare
959 1810 1151 1888 profundum.

318 1909 428 1970 Inter
449 1915 653 1986 utrumque
675 1905 733 1967 loci
754 1905 868 1968 medius
892 1907 1083 1969 moderabere
1105 1907 1207 1971 finem.

219 2059 329 2120 Medius
359 2076 413 2138 pro
440 2057 541 2120 mellus
574 2058 612 2140 in
633 2076 658 2117 v.
690 2054 729 2116 85
759 2057 929 2119 dubitanter
951 2059 1054 2138 posui3
1088 2061 1184 2123 valere
1218 2063 1275 2124 hoc
1300 2065 1365 2125 loco

220 2158 373 2219 videbatur
388 2157 529 2217 Ovidis-na
546 2154 689 2217 memoria
709 2153 788 2228 (Met.
810 2155 846 2223 ΙΙ,
870 2156 928 2215 140
953 2163 983 2215 et
1004 2156 1090 2231 137):
1114 2157 1193 2221 Inter
1214 2170 1365 2241 utrumque

220 2265 294 2328 tene3
317 2255 408 2316 medio
430 2257 585 2334 tutissimus
606 2253 661 2314 ibis
683 2254 732 2326 (cf.
754 2254 788 2313 Α.
801 2253 832 2312 Α.
856 2252 892 2324 ΙΙ,
914 2251 976 2326 63.,
997 2253 1065 2314 Met.
1078 2255 1151 2327 ΙἸΙΙ,
1175 2255 1246 2318 206.
1269 2259 1291 2332 Ι,
1314 2261 1364 2320 50.

219 2354 301 2414 Rem.
319 2352 404 2431 810).
448 2351 489 2412 lle
511 2351 565 2412 loci
584 2351 671 2430 finem
691 2348 769 2411 infra
791 2349 896 2411 dicam.
940 2351 985 2413 Ad
1007 2363 1099 2413 ortem
1121 2354 1199 2416 illam
1221 2360 1367 2418 marineio

221 2451 356 2512 conferre
377 2450 465 2510 libeat
487 2453 714 2530 coqueremus
737 2446 790 2508 (lv.
813 2447 881 2509 hlet.
897 2448 968 2522 ΙΙΙΙ,
992 2447 1063 2510 857.

305 2563 366 2622 Hac
399 2561 512 2623 sublata
545 2560 717 2621 difficultate
750 2577 825 2638 quae
859 2560 904 2620 vel
936 2560 1118 2624 criminanda
1152 2563 1197 2624 vel
1234 2565 1365 2625 notanda

221 2660 345 2720 viderim
370 2679 402 2720 ea
419 2659 573 2720 ostendam
589 2656 734 2718 brevitate
749 2674 824 2735 quae
839 2657 882 2717 rei
898 2661 1046 2720 convenil.
1091 2660 1193 2739 Ipsum
1209 2663 1362 2724 exordium

222 2758 308 2818 adeas
330 2758 361 2817 in
384 2775 442 2836 quo
476 2757 568 2817 multa
603 2754 725 2816 crimina
760 2772 834 2834 quae
867 2772 928 2815 non
960 2764 1060 2818 essent
1089 2757 1175 2819 Ovidi
1208 2768 1366 2820 senserant

221 2855 337 2916 hlureti.
383 2855 455 2916 Nam
478 2872 550 2916 num
576 2854 646 2935 quid
668 2855 815 2918 interierit
838 2863 907 2916 ante
930 2872 1049 2916 versum
1065 2874 1153 2934 quem
1170 2875 1225 2918 nos
1241 2856 1364 2935 legimus

220 2955 351 3034 primum
375 2952 519 3015 hocloco
541 2970 682 3033 quaerere
705 2971 767 3015 non
789 2957 898 3027 refert,
931 2953 1072 3032 quoniam
1105 2954 1218 3034 integra
1251 2960 1366 3034 prostat

221 3053 369 3114 sententia
391 3053 478 3113 haec:

363 3190 481 3271 Accepit
502 3193 632 3254 mundus
655 3193 759 3272 legem,
782 3193 864 3255 dedit
886 3210 967 3253 arma
989 3209 1043 3271 per
1066 3183 1186 3251 omnes

362 3289 584 3370 Admonuitque
607 3291 663 3353 sui.
686 3380 688 3385 y

220 3430 317 3507 Atque
339 3445 402 3488 nou
423 3427 577 3488 insolitum
600 3427 656 3489 hoc
677 3428 818 3507 placitum
842 3445 907 3488 esse
930 3424 1030 3486 omnia
1051 3423 1187 3485 animalia
1203 3442 1256 3503 per
1270 3424 1366 3502 legem

220 3534 342 3588 naturae
368 3542 439 3584 suae
470 3525 558 3586 saluti
591 3524 764 3586 incumbere
796 3525 828 3585 in
862 3522 1028 3604 posteriore
1059 3529 1143 3601 parte
1175 3521 1265 3583 huius
1297 3521 1366 3585 libri

220 3622 430 3702 disputabitur.
490 3621 594 3700 Neque
628 3620 657 3682 id
689 3622 738 3683 hic
770 3620 882 3684 absolvi
915 3627 1012 3700 potest
1044 3639 1102 3699 quo
1136 3619 1200 3681 iure
1237 3623 1366 3682 mundus

221 3728 321 3800 aperte
343 3720 456 3800 positus
478 3738 533 3799 pro
556 3737 656 3782 rerum
680 3726 784 3781 natura
818 3720 963 3799 accepisse
996 3717 1094 3798 potius
1127 3717 1238 3797 aliquid
1269 3719 1366 3798 possit

221 3837 309 3898 quam
332 3824 384 3879 aut
406 3817 513 3879 habere
535 3825 586 3878 aut
607 3818 686 3879 dare.
730 3818 816 3879 Certe
849 3835 911 3878 non
942 3817 1003 3891 lex,
1037 3818 1089 3878 sed
1122 3817 1201 3878 idem
1235 3817 1365 3878 mundus

221 3924 267 3978 est
289 3916 340 3997 qui
362 3933 442 3976 arma
465 3915 587 3988 dederit,
610 3915 841 3996 habilioremque
863 3916 903 3977 ita
926 3935 988 3977 rem
1016 3914 1231 3978 conformabis:
1252 3913 1365 3993 accepit

221 4014 352 4076 mundus
375 4014 469 4090 legem
492 4020 525 4073 ut
548 4030 629 4074 arma
651 4013 743 4074 daret.
788 4013 973 4093 culpandum
996 4021 1093 4076 autem
1116 4020 1161 4073 est
1182 4011 1259 4072 dedit
1279 4029 1365 4072 ormo

217 4129 271 4191 por
293 4128 389 4171 omncs
411 4127 540 4189 quocum
562 4109 694 4188 Zingerle
716 4129 744 4190 p.
761 4109 801 4173 28
826 4111 997 4174 Burmanno
1019 4112 1094 4173 duce
1117 4109 1251 4171 conferre
1276 4109 1364 4170 iussit

222 4208 307 4270 Ovidi
328 4207 398 4270 hiet.
414 4207 450 4281 X,
466 4209 528 4270 546
558 4209 634 4271 Neve
667 4211 748 4292 seros
780 4211 880 4291 quibas
903 4209 1083 4272 armadedit
1109 4217 1220 4269 coloro
1246 4207 1362 4278 tumeam

222 4307 348 4386 optime;
377 4307 456 4368 vides
480 4307 559 4368 enim
581 4308 613 4368 in
628 4308 688 4370 Hal.
714 4307 1043 4389 quoqueseribendum
1062 4304 1156 4367 fuisse
1172 4304 1275 4366 Ouidio
1291 4305 1366 4367 dedit

222 4406 352 4467 omnibus
374 4423 468 4479 orma,
492 4406 537 4467 vel
559 4406 628 4468 dure
652 4406 727 4468 miro
749 4407 837 4468 modo
859 4424 913 4485 pro
936 4404 1104 4471 dontibuerc
1130 4402 1264 4465 habitum
1288 4422 1360 4465 esse.
