2962 5010
524 315 545 357 ι
619 314 863 379 -rrc-

250 490 393 554 thrauis
427 509 535 572 quem
569 489 631 552 alii
664 489 819 569 xiphian
855 496 1000 566 vocaut3
1037 490 1193 552 attulimus
1220 504 1300 570 supra

164 589 262 651 locum
276 584 465 672 Xenocratis3
480 589 545 652 ideo
557 590 635 670 apud
648 589 815 651 Marcellum
829 590 951 652 Sidetan
962 586 1189 668 coniunguntur
1200 585 1303 671 ξιφίαι

166 689 308 770 θρανίαι
330 709 374 749 τε.
419 686 501 768 Apud
534 686 714 769 hesychium
744 687 949 768 interpretatio
973 681 1130 770 θρανίαι·
1160 677 1305 770 θρόμβοι

164 806 255 849 seusu
279 786 361 848 omni
383 786 523 849 destituta
546 793 606 863 esl3
631 787 680 848 ubi
702 786 781 866 quod
806 786 985 848 Schmidtius
1008 785 1164 873 proposuit
1189 781 1305 868 ῥόμβοι

164 887 284 948 credere
316 885 362 946 vix
394 885 525 960 audebis,
558 903 655 965 neque
678 881 828 967 θρόμβοι
852 883 890 946 ita
910 885 1021 947 habeut
1054 890 1088 945 nt
1119 883 1183 946 uati
1211 900 1307 945 errore

166 985 327 1047 videantur.
365 985 465 1047 Restat
479 985 536 1046 hoo
558 994 592 1048 ut
614 985 754 1046 conflatas
776 985 850 1046 duas
872 984 1015 1046 lectiones
1039 1000 1105 1045 esse
1128 987 1308 1056 statuamus}

165 1091 324 1163 quaeratur
356 1081 445 1161 igitur
480 1102 535 1144 vox
568 1102 631 1145 rara
662 1078 810 1164 θρόμβοι
852 1078 1089 1162 interpretationi
1122 1090 1199 1162 apta.
1251 1083 1307 1143 lam

165 1177 283 1264 θραύω
316 1179 409 1260 (uude
442 1176 589 1264 θρααρός
617 1180 792 1261 Hesychius,
825 1174 973 1262 θραυλός
1000 1181 1121 1260 suidas)
1154 1180 1309 1260 frangendi

165 1280 253 1342 habet
275 1281 440 1353 notionem,
465 1280 544 1341 uude
559 1275 740 1361 docuinam
764 1287 794 1342 ot
814 1271 1028 1363 σύνθρανόοι·,
1051 1280 1088 1342 ab
1104 1280 1207 1342 eadem
1223 1280 1309 1360 plane

165 1381 290 1440 alterum
319 1379 388 1441 illud
418 1379 503 1458 gladii
530 1374 620 1459 piscis
644 1395 755 1440 nomen
777 1373 922 1462 θρανίας
944 1376 1103 1442 deductum
1132 1375 1309 1460 ipsum·fuit

144 1529 146 1532 ,
165 1478 274 1558 quippe
290 1477 341 1557 qui
355 1477 443 1558 piscis
459 1494 548 1540 naves
564 1477 713 1557 frangeret
727 1474 830 1558 gladio.
869 1476 964 1539 Etiam
986 1477 1069 1539 lactis
1091 1477 1177 1539 fracti
1196 1475 1313 1538 caselle·

165 1574 321 1660 particulas
342 1575 399 1638 hoc
420 1573 510 1637 verbo
533 1575 712 1656 significasse
734 1574 860 1657 aliquem
892 1565 1012 1680 cogitari
1035 1583 1148 1658 potest,
1179 1585 1213 1638 ut
1234 1574 1309 1637 deli

164 1673 259 1737 tuisse
292 1673 348 1735 tale
371 1675 440 1755 quid
476 1675 608 1755 quamvis
631 1674 801 1736 dubitanter
823 1675 979 1736 coniciam:
987 1675 1175 1757 θρανίας
1212 1671 1309 1754 ίχθύς

165 1768 273 1846 ποιός.
318 1771 494 1864 θρανίδια
526 1771 687 1856 θρόμβοι

249 1868 397 1934 thrissa.
441 1870 605 1945 ττιιθίδος·
639 1873 771 1955 σηπίαι·
805 1871 984 1954 θρίσ(σ)αι.
1073 1878 1076 1883 ’

250 1973 373 2034 tethea
396 1991 479 2054 qua
475 1973 569 2034 forma
593 1991 654 2032 nou
671 1990 743 2033 usus
759 1971 932 2034 Aristoteles
949 1981 1010 2034 est:
1034 1969 1152 2054 τήθεα·
1175 1966 1314 2074 ὅστρσάς·

164 2072 252 2133 simul
274 2071 458 2133 Aristotelian
481 2066 632 2152 τηθόα..
646 2069 732 2131 ,καὶ
756 2068 845 2141 aldor
868 2063 1004 2148 ἰχθύων.

248 2169 398 2248 xiphias.
451 2165 574 2248 ξιφίας
608 2165 707 2245 ἰχθύς
740 2166 889 2264 ποιός..
904 2167 1067 2283 ..ξίφους
1099 2163 1242 2249 ὁμοίωςς
1281 2176 1309 2229 et

90 2286 93 2291 ⁴
165 2269 311 2349 σκιφίας·
346 2263 435 2337 εἶδος
460 2263 588 2342 ἰχθύος.
1283 2270 1288 2289 ·’

251 2365 308 2427 Sed
333 2364 413 2425 enim
430 2363 520 2478 plura
543 2363 700 2426 accedunt:

251 2463 392 2525 asellus
424 2457 517 2534 ὄνος·
541 2484 596 2524 και
586 2458 726 2540 ἰχθύς·
734 2458 833 2535 ποιὸς
855 2457 873 2524 ὁ
897 2486 952 2524 και
943 2457 1101 2535 ονίσκος
1120 2458 1309 2545 λοχόμενοςς

165 2570 194 2624 et
215 2556 350 2644 χρεμύς·
385 2554 403 2621 ὁ
427 2554 555 2632 ὀνίσκος
579 2557 685 2637 ἰχθύς.
795 2578 797 2582 ·

250 2658 413 2721 helonae.
457 2656 529 2719 blala
553 2657 694 2720 similium
717 2674 818 2720 rerum
842 2654 1016 2721 confusione
1043 2669 1072 2721 et
1105 2655 1228 2740 βδαλολ
1252 2659 1308 2740 (rel

165 2756 263 2839 potius
293 2753 448 2836 βδέλλαι,
483 2755 604 2836 Pearso)
632 2766 662 2819 et
688 2752 803 2838 βέλλαι
831 2759 908 2839 apud
937 2758 1115 2845 Hesychium
1149 2749 1310 2838 explicatur

166 2853 304 2940 ῥαφίδες
358 2850 564 2927 θαλάσσιαι,
619 2854 699 2935 quod
748 2855 818 2917 olim
870 2858 907 2918 ad
949 2851 1085 2938 βελόναι
1130 2856 1310 2938 pertinuisse

166 2953 348 3018 Schmidtius
371 2950 600 3028 animadvertit3
613 2954 651 3015 cl.
630 2953 772 3015 l.hthen
788 2974 818 3035 p.
835 2954 939 3017 3190
977 2955 1142 3018 Numerum
1159 2952 1310 3071 pluralem

165 3048 278 3117 Plinius
302 3072 440 3134 quoque·
865 3078 868 3085 ·

251 3152 447 3214 batrachus
482 3159 664 3214 memoratur
692 3150 870 3214 lectionibus
898 3148 1090 3234 βρατάχοος
1125 3144 1315 3236 βατραχόσς·

166 3261 194 3314 et
222 3248 392 3335 βρόταχος·
429 3247 592 3333 βάτραχος
622 3258 652 3312 et
679 3247 835 3332 βάβακος·
873 3245 940 3314 ὑπὸ
969 3246 1117 3313 natoue·
1138 3251 1310 3339 τέττιχχτς·

166 3346 233 3413 unu
259 3349 428 3413 Ποντικῶν
450 3347 487 3411 δὲ
510 3345 670 3430 βάτραχοι
704 3350 761 3410 uisi
789 3350 868 3430 quod
896 3350 927 3410 in
950 3351 985 3411 ils
1008 3351 1120 3430 piscem
1142 3351 1223 3412 huuc
1245 3353 1311 3412 etse

166 3467 227 3521 uon
250 3449 418 3509 adnotatur.
456 3447 559 3528 Neque
581 3467 650 3509 vero
666 3447 859 3528 probabiliter
874 3469 908 3511 ex
931 3447 1046 3510 uitiosis
1067 3449 1123 3510 illis
1145 3440 1311 3533 βάτραχος

166 3542 306 3626 ἐσχάρας
334 3533 423 3618 εἶδος
454 3564 492 3606 ue
522 3545 686 3608 litterarum
707 3543 831 3627 ¹quidem
855 3542 950 3609 ordini
973 3541 1198 3609 oboedientibus
1219 3542 1312 3609 resti-

166 3654 232 3708 tues
254 3641 417 3726 βάτραχος
441 3640 559 3725 ἰχθύος
581 3643 677 3718 aldor„
720 3645 816 3706 lmmo
840 3642 1145 3730 legendumqtoicpu·
1167 3642 1312 3727 ’ἐσχάρας

166 3742 255 3816 aldor
278 3751 307 3805 et
330 3742 530 3805 conferendus
546 3740 697 3805 Vitruvius
713 3742 745 3804 X.
758 3746 805 3818 ll,
824 3744 872 3806 19.
902 3744 944 3806 lta
967 3745 1055 3808 ctiam
1072 3742 1112 3806 ad
1135 3745 1310 3807 merulam

166 3836 348 3924 κόσσυφος·
372 3837 477 3923 ὄνομα
493 3841 619 3924 πτηνοῦ
642 3841 790 3925 omittitur
805 3842 860 3904 καὶ
886 3839 1013 3922 ἰχθύος.
1045 3838 1192 3924 'Alopes'
1206 3846 1315 3905 'autem‘

166 3943 217 4019 (ita
240 3942 366 4004 traditur
388 3936 420 4002 in
443 3960 504 4003 uuo
527 3941 751 4022 bambergensi3
784 3941 890 4025 reliqui
912 3943 975 4005 lere
997 3943 1108 4024 clopto3
1141 3948 1218 4025 quae
1241 3961 1310 4004 cave

167 4059 204 4103 nc
225 4041 266 4103 ita
289 4038 442 4103 concilies:
475 4038 589 4120 elopem.
611 4041 777 4122 alopeciasl'
797 4040 1065 4122 viucogitaturin
1089 4041 1161 4103 mira
1181 4036 1311 4121 Hesychi

165 4140 289 4202 lectione
323 4136 486 4213 ἑλέποκες·
533 4138 630 4219 ἰχθύς
664 4135 779 4221 ὅμοιος
811 4139 938 4223 φοκίδι.
994 4140 1086 4204 Porro
1110 4140 1315 4221 ‘aripennes‘

166 4232 288 4318 ponitur
324 4247 394 4318 puta
431 4251 486 4319 pro
521 4239 630 4319 elope-
658 4240 741 4302 ouius
775 4240 854 4301 vocis
890 4236 1042 4320 explicatio
1070 4238 1121 4301 'et'
1139 4238 1310 4301 Athenaeus

166 4337 253 4399 hahet
289 4345 319 4398 et
355 4336 402 4398 alii
441 4340 484 4397 et'
499 4330 676 4418 Hesychius:
715 4335 864 4411 ἔλλοπες·
899 4334 1091 4411 ἐλλιπόντος
1124 4339 1180 4420 τῆς
1211 4333 1306 4410 ’ὄπ’ός,

165 4438 334 4498 τουτέστιν
365 4431 539 4518 ἄφθογγοι
566 4432 707 4518 ἄφωνοι.
751 4436 924 4498 bacchus·
942 4436 980 4498 ab
1002 4434 1310 4511 Aristotelealieuut,¹
