2962 5010
625 282 849 347 ..gg-

164 463 196 522 in
208 460 315 541 quibus
327 460 464 522 inlinitivi
476 460 569 521 forma
582 459 704 520 suborta
717 475 777 520 non
790 467 858 520 ante
871 463 969 520 ortum
981 459 1053 520 illud
1060 455 1238 542 δυνάμενα.
1257 461 1315 522 Se·

164 560 266 639 quitur
276 592 319 601 ——
331 568 477 639 quatenus
494 577 530 619 en
545 558 712 619 coniectura
724 556 925 620 coniecturam
938 558 1034 620 facere
1047 558 1314 621 condonabitur-

164 666 198 719 ut
224 657 311 718 etiam
338 657 369 718 iu
395 656 501 737 quinto
528 656 601 717 libro
627 654 706 738 περὶ
726 656 784 717 τοῦ
805 653 908 718 καλοῦ
934 654 990 716 καὶ
1009 656 1065 739 τῆς
1087 653 1206 740 ἡδονῆς
1233 658 1314 720 sicut

165 756 243 836 apud
259 754 450 816 Plutarchum
471 755 598 816 maiores
616 773 770 816 scarorum
796 755 1025 834 anthiarumque
1044 755 1203 818 societates
1222 756 1313 836 pinae

164 853 387 915 antecesserint.
1370 848 1375 855 ‘

248 951 291 1011 lle
307 950 520 1030 compositione
540 948 684 1011 librorum
710 948 788 1031 περὶ
815 948 874 1011 τοῦ
900 946 1002 1013 καλοῦ
1028 949 1165 1034 καὶτῆς
1191 947 1313 1036 ἡδονῆς

163 1051 236 1113 nihil
261 1049 358 1111 adhuc
381 1057 568 1128 compertum
595 1049 747 1120 habemus.
792 1049 834 1110 Ne
854 1059 1065 1127 argumentum
1091 1051 1211 1130 quidem
1238 1053 1311 1132 quid

164 1149 254 1211 luerit
279 1168 314 1210 ex
333 1148 482 1209 Athenaeo
509 1165 596 1208 eruas
623 1148 674 1227 qui
698 1165 820 1226 parerga
845 1156 963 1210 tantum
986 1148 1095 1227 quibus
1118 1149 1167 1210 ille
1185 1151 1314 1213 florebat

165 1265 253 1309 suum
279 1247 312 1307 in
337 1264 426 1308 usum
460 1245 600 1321 extraxit3
632 1253 833 1308 memoratum
859 1246 955 1308 fuerat
977 1247 1011 1308 in
1036 1253 1143 1327 quarto
1169 1247 1246 1309 libro
1273 1248 1311 1312 ao*

165 1337 328 1427 ξύρεσθαι
362 1341 419 1406 τὸν
455 1337 602 1420 πώγωνα
641 1339 714 1404 κατ’
749 1334 964 1427 Ἀλέξανδρον
992 1344 1248 1424 stupebat,
1280 1348 1312 1410 in

165 1444 270 1505 codem
286 1460 394 1504 caenae
410 1443 485 1504 duae
500 1439 536 1503 ἓν
554 1443 687 1523 Λυκείῳ
703 1463 738 1502 τε
753 1439 809 1502 καὶ
821 1437 1006 1524 Ἀκαδημίᾳ
1021 1442 1139 1505 habitae
1153 1465 1182 1524 p.
1197 1444 1258 1506 137
1272 1449 1311 1522 1⁴¹3

164 1545 195 1604 in
222 1543 326 1623 quinto
353 1550 451 1604 autem
476 1542 551 1603 libro
579 1544 614 1603 de
635 1541 815 1603 Pantaleone
837 1537 884 1620 epi
907 1539 1023 1624 πλάνῳ
1043 1543 1141 1606 fabula
1154 1565 1183 1624 p.
1201 1545 1264 1606 616
1277 1547 1312 1622 Α,

164 1642 196 1702 in
217 1641 332 1712 eodem,
354 1641 433 1721 quod
452 1640 483 1701 in
503 1641 631 1720 septimo
651 1640 725 1702 libro
747 1641 947 1721 repetebatur,
968 1641 1149 1704 drehestrati
1172 1643 1312 1723 Epicurei

165 1739 405 1820 Philaenidisque
440 1740 548 1819 scripta
587 1761 601 1802 a
637 1739 747 1818 gulosis
785 1739 955 1800 bominibus
993 1760 1068 1821 quae
1105 1742 1312 1805 ediscerentur

165 1859 194 1918 p.
211 1837 271 1898 335
288 1839 311 1899 n
327 1846 356 1899 et
369 1838 402 1911 E,
433 1839 561 1919 denique
590 1839 621 1899 in
652 1839 756 1900 eodem
783 1838 888 1917 quinto
920 1846 949 1900 et
979 1839 1132 1919 pinoteres
1160 1841 1254 1903 adfuit
1282 1849 1313 1903 et

165 1937 346 2016 comparatio
376 1936 409 1997 ni
438 1936 522 1998 fallor
558 1937 652 2016 aliqua
676 1922 822 1998 ⁸colorum
851 1937 929 2015 nigri
964 1937 1087 2016 ingrati,
1123 1940 1197 2017 grati
1228 1939 1310 2003 albi:

165 2027 323 2117 καθάπερ
364 2033 449 2108 τινὲς
483 2033 543 2108 τὰς
571 2032 687 2108 λευκὰς
718 2031 860 2117 ὄρνιθας
889 2035 954 2096 τῶν
989 2033 1160 2115 μελαινῶν
1195 2032 1313 2121 ῆδίοος

165 2135 253 2195 εἶναι
279 2129 415 2215 μᾶλλον.
460 2133 525 2195 Ηοο
549 2133 612 2194 fere
632 2133 720 2194 etiam
745 2135 781 2193 de
797 2134 996 2214 Sardanapalo
1018 2135 1116 2195 locum
1132 2135 1314 2214 pertinuisse

165 2230 304 2293 credibile
320 2238 365 2291 est
381 2229 499 2306 (Athen.
517 2249 546 2310 p.
564 2229 658 2290 337d
675 2232 711 2291 ci.
728 2230 839 2309 Baguet
854 2235 872 2305 ξ
888 2232 984 2306 CVll).
1021 2232 1117 2294 Etiam
1142 2233 1321 2314 coquinarie

164 2348 212 2390 res
240 2328 393 2409 Chrysippi
419 2329 542 2390 nomine
564 2329 674 2408 scripta
689 2329 810 2398 (Athen.
826 2348 854 2408 p.
867 2329 891 2388 ‘9
905 2329 940 2408 C)
968 2329 1100 2391 exstabat
1126 2321 1226 2406 (Suida
1242 2351 1267 2392 s
1284 2352 1312 2394 v.

164 2419 496 2510 λασταυροκάκκαβον
510 2427 601 2506 teste)
620 2424 656 2489 dv
670 2427 715 2509 τῷ
732 2425 810 2508 περὶ
826 2425 928 2489 καλοῦ
944 2426 999 2489 καὶ
1014 2422 1147 2511 ἡδονῆς,
1169 2429 1221 2491 ubi
1240 2440 1313 2494 nota

163 2525 231 2586 libri
245 2525 285 2587 ita
301 2526 397 2606 elapsa
414 2534 447 2586 ut
463 2526 550 2586 etiam
566 2526 674 2587 Athen.
690 2546 719 2605 p.
737 2524 832 2587 1581}
853 2523 888 2589 ἐν
908 2526 954 2609 τῷ
975 2521 1054 2608 περὶ
1073 2526 1132 2589 τοῦ
1151 2527 1253 2590 καλοῦ
1267 2564 1313 2574 -

165 2642 234 2686 nam
262 2624 318 2686 hoc
343 2624 511 2705 philosophi
537 2624 682 2704 scriptum
709 2625 788 2686 idem
811 2644 876 2686 esse
901 2634 1020 2701 teneas3
1042 2634 1131 2706 atque
1154 2626 1202 2687 hic
1216 2628 1311 2708 Chry-

164 2723 284 2802 sippum
311 2724 400 2785 etiam
423 2718 553 2803 γνώμας
579 2723 717 2784 delente
744 2723 855 2802 aliquas
879 2724 1013 2786 attubsse
1037 2726 1236 2787 docemur*-
1250 2745 1311 2806 quo

166 2821 292 2883 deloco
318 2823 417 2882 nescio
444 2837 516 2881 num
545 2820 591 2881 cui
616 2821 780 2883 Meinekius
810 2821 982 2884 iudiciolum
1011 2841 1100 2884 suum
1130 2825 1312 2904 persuaserit

166 2920 259 2996 (dnal.
284 2920 404 3003 crit.ad
425 2919 493 2993 Ath.
509 2937 539 2998 p.
555 2918 624 2996 75);
661 2927 694 2980 ut
719 2920 798 2981 enim
827 2922 1005 2983 concedatur
1031 2921 1087 2982 dici
1112 2923 1249 3002 potuisse
1276 2943 1311 2984 eo

165 3035 254 3101 sensu
269 3027 303 3080 ut
318 3017 423 3078 voluit:

265 3124 311 3208 μῆ
333 3131 392 3209 μοί
414 3123 491 3190 ποτ’
514 3125 631 3191 ἐλαίαν
653 3125 742 3192 ἔσθι’
765 3126 939 3214 ἀκαλήφην
954 3128 1047 3210 ἔχων.

164 3260 167 3265 ·
212 3236 216 3243 '
264 3227 425 3307 χειμῶνος
447 3220 515 3309 ὥρᾳ
538 3226 731 3312 βολβοφακῆ
754 3227 858 3312 βαβαὶ
881 3231 995 3310 βαβαί.

145 3400 147 3404 -
166 3364 268 3419 tamen
294 3356 419 3418 omnino
441 3375 502 3418 non
529 3358 707 3439 perspicitur
730 3376 783 3419 cur
802 3359 931 3438 primum
954 3377 1073 3421 versum
1094 3379 1156 3422 non
1178 3361 1312 3423 omiserit

167 3456 359 3536 Chrysippus,
385 3473 483 3536 neque
510 3457 580 3537 quid
601 3459 720 3520 tandem
745 3457 801 3519 iste
822 3457 928 3519 habeat
952 3477 1005 3520 cur
1020 3479 1089 3520 cum
1109 3461 1202 3522 altero
1218 3477 1311 3540 copu-

165 3556 251 3616 letur.
290 3555 351 3632 Ego
374 3555 413 3616 ita
438 3555 664 3635 obsequendum
687 3557 868 3618 membranis
892 3577 957 3620 esse
979 3565 1067 3637 puto:

265 3671 429 3763 μηδέποτ’
452 3677 569 3744 ἐλαίαν
591 3675 695 3757 ἔσθι’,
719 3673 895 3764 α’καλῆφην
917 3678 1000 3759 ἔχων

265 3777 426 3859 χειμῶνος
449 3772 517 3859 ὥρᾳ
538 3776 763 3862 βολβοφακῆν.
809 3776 914 3861 βαβαὶ
937 3782 1055 3861 βαβαί,

166 3914 200 3967 ut
227 3905 376 3968 sermonis
402 3903 550 3985 popularis
577 3905 622 3965 vel
650 3905 755 3966 comici
781 3904 900 3967 audacia
928 3924 988 3968 non
1011 3906 1239 3978 substantivum,
1259 3909 1311 3969 sed

165 4004 341 4065 adiectivum
370 4003 410 4064 sit
442 4000 658 4086 βολβοφακῆν
685 4003 858 4084 indicetque
892 4005 1032 4067 libentius
1069 4007 1186 4068 Stoicos
1219 4008 1312 4068 edere

166 4104 293 4164 urticam
309 4121 375 4164 cum
396 4102 477 4164 lente
491 4101 580 4162 simul
596 4109 625 4163 et
647 4121 743 4182 caepa.
786 4103 888 4167 Aliena
914 4123 930 4181 a
949 4122 1052 4184 graeca
1079 4104 1192 4181 scilicet
1212 4106 1312 4185 lingua

167 4210 196 4263 et
221 4221 238 4262 a
264 4199 380 4281 populis
406 4199 543 4281 Europae
566 4209 684 4282 praeter
710 4202 812 4264 Slavos
839 4201 979 4263 omnibus
1005 4203 1188 4281 substantiva
1215 4204 1312 4284 qualia

167 4301 299 4362 dvandva
312 4299 378 4361 lndi
393 4299 561 4378 praedicant
577 4298 655 4378 (loh.
672 4299 822 4361 Schmidt:
850 4299 902 4360 Die
916 4299 1135 4368 Verwandtsch.
1153 4301 1205 4363 der
1223 4302 1313 4364 indo-

168 4398 344 4488 germ..Spr.
361 4417 389 4477 p.
408 4399 456 4470 14,
476 4397 564 4482 ¹Fick,
580 4397 631 4458 Die
647 4397 874 4478 Spracheinhcit
888 4399 915 4458 d.
933 4397 1036 4476 Indog.
1053 4399 1187 4480 Europus
1201 4419 1228 4480 p.
1247 4399 1312 4479 39).
