2962 5010
617 289 860 352 -194-

169 465 325 528 bmoribus
353 465 396 528 rei
423 465 604 529 iucunditate
626 465 758 544 pellicior
784 474 819 528 ut
841 465 959 528 alterius
988 465 1044 527 loci
1068 465 1312 527 emendationem
1410 492 1412 499 ·

169 565 326 644 adiungam
348 565 481 646 quamvis
502 563 591 646 palari
608 584 624 627 a
641 565 763 627 metrico
784 565 900 627 tramite
924 564 1037 627 uiderer
1051 597 1093 609 -ψ
1109 582 1206 644 neque
1228 565 1310 626 enirn

168 664 263 725 solam
284 664 328 727 vel
354 664 563 727 coniecturam.
584 682 665 736 esse,
696 663 807 725 nedum
835 664 864 724 in
892 662 1059 733 amoribus,
1085 660 1161 723 bene
1183 672 1227 723 est
1253 685 1313 736 -ς

169 782 238 826 nam
253 764 327 826 lecta
343 763 472 844 quidem,
495 764 625 826 sednon
646 762 792 825 intellecta
815 764 888 825 baec
910 763 1143 825 inveniodmor.
1160 761 1236 833 114,
1254 762 1310 824 30:
1384 760 1387 767 ’

267 876 451 939 Clamabam:
473 877 574 939 Scelus
597 876 746 950 estimes,
769 877 870 938 scelus.
887 894 973 937 urere
994 875 1101 936 crines.

281 1032 284 1037 ,
307 976 423 1055 νδροιιῐε
446 977 560 1039 decent.
604 976 834 1056 Capiusierrer,
856 993 944 1054 parce
964 984 1028 1036 tuo.

267 1074 330 1137 l'im
351 1076 457 1155 procul
478 1077 546 1138 bine
567 1094 696 1138 remove.
741 1075 809 1136 Non
831 1082 877 1136 est
899 1073 951 1153 qui
974 1073 1079 1135 debeat
1102 1073 1164 1134 uri:

309 1173 413 1236 Erudit
435 1175 568 1238 admotas
590 1175 654 1256 ipse
675 1175 798 1255 capillus
820 1193 898 1236 acus.

168 1285 300 1346 Primum
323 1285 403 1346 enirn
426 1287 507 1348 linesi
529 1305 582 1365 ego
605 1306 751 1367 parumne
778 1287 913 1349 acutulus
941 1304 979 1346 an
1007 1302 1113 1364 parum
1142 1281 1312 1343 eruditulus

167 1402 262 1445 essem
276 1385 354 1463 quod
367 1386 550 1446 erudientem
562 1387 654 1448 istum
667 1388 767 1448 nescio
779 1404 836 1466 qua
854 1384 1020 1447 eruditione
1034 1380 1172 1461 capillum
1190 1396 1313 1458 semper

167 1483 327 1545 demiratus
354 1502 459 1545 essem.
504 1485 636 1565 lienique
665 1504 734 1548 vero
764 1484 908 1546 acuminis
935 1481 1045 1562 aliquid
1072 1479 1211 1541 eruebam
1241 1496 1312 1538 vere

167 1582 272 1645 ludicri
304 1583 445 1663 quodque
477 1582 503 1644 si
535 1601 598 1645 nou
630 1585 739 1664 placuit
766 1591 869 1663 poetae
902 1580 1039 1643 debuisse
1067 1587 1166 1640 tamen
1194 1577 1314 1656 placere

167 1683 306 1745 dixerim:

268 1795 331 1856 Vim
355 1796 457 1874 procul
479 1795 548 1856 hinc
570 1813 699 1857 remove.
743 1794 809 1855 Non
831 1801 877 1855 est
899 1792 950 1874 qui
972 1790 1077 1853 debeat
1098 1787 1159 1850 uri:

308 1895 379 1955 Uret
401 1903 435 1954 ut
456 1894 588 1955 admotas
610 1895 674 1974 ipse
697 1893 817 1973 capillus
839 1910 918 1954 acus.

168 2016 269 2099 Neque
292 2020 349 2080 tale
371 2019 498 2082 alienum
522 2038 538 2082 a
562 2040 594 2082 se
623 2039 749 2082 acumen
779 2029 865 2099 poeta
894 2018 942 2079 ille
972 2014 1085 2096 putavit
1113 2012 1164 2095 qui
1188 2012 1257 2074 Met.
1275 2012 1312 2073 lV

169 2116 228 2177 194
250 2119 286 2178 ad
309 2119 469 2180 Volcanum
493 2120 581 2181 verbe
604 2119 709 2181 edidit:

266 2229 377 2310 Nempe
399 2231 458 2292 tuis
482 2248 587 2293 omnes
609 2231 660 2312 qui
681 2239 777 2293 terras
799 2229 917 2309 ignibus
940 2228 1010 2300 uris,

265 2329 364 2391 Ureris
387 2330 453 2410 igne
475 2348 560 2392 novo.

250 2442 346 2522 Atque
370 2443 417 2504 bis
439 2440 583 2505 absolutis
604 2461 673 2504 cum
696 2438 766 2523 quid
796 2440 827 2502 in
851 2439 955 2502 litteris
978 2435 1168 2500 aestimandis
1191 2433 1303 2501 numeri

166 2538 310 2602 observati
344 2542 440 2603 valent
470 2540 649 2604 intellexeris
676 2559 772 2620 neque
801 2539 989 2619 inopinatum
1014 2556 1111 2617 neque
1139 2536 1308 2615 inoptatum

167 2637 204 2697 de
227 2636 343 2699 Tibullo
365 2640 507 2702 indicium
530 2658 632 2702 meum
657 2658 703 2700 me
726 2639 901 2700 confirmare
924 2636 1045 2697 videbis.
1090 2634 1184 2696 Statui
1208 2640 1310 2694 autem

168 2737 186 2797 l.
203 2737 222 2796 l.
239 2756 266 2818 p.
282 2735 323 2797 48
357 2759 372 2799 a
400 2739 517 2802 Tibullo
540 2748 570 2802 et
593 2739 735 2800 Nemesin
767 2745 835 2818 post
863 2736 972 2797 Deliam
1008 2736 1145 2815 scriptam
1177 2747 1244 2791 esse
1280 2737 1311 2790 et

167 2837 325 2916 Sulpiciam
342 2846 411 2918 post
422 2839 572 2911 Nemesin,
586 2837 778 2901 suadentibus
794 2834 1047 2898 observationibus
1061 2835 1097 2895 de
1107 2829 1176 2904 PQS
1187 2835 1219 2890 et
1232 2826 1311 2900 Pon

167 2953 220 3014 per
248 2943 309 2997 tres
336 2938 447 2999 sensim
478 2939 584 3017 gradus
608 2939 699 3017 magis
721 2938 844 3000 excultis
875 2935 963 2998 etde
987 2934 1021 2995 ll.
1035 2941 1074 2994 tr.
1090 2928 1258 2994 rarescente
1280 2937 1311 2990 et

167 3034 202 3093 de
225 3034 247 3095 F
264 3035 289 3095 ll
316 3036 389 3098 mira
423 3037 628 3118 progressione
661 3037 912 3099 increbrescente.
957 3034 1041 3107 Quod
1075 3049 1143 3093 tero
1175 3029 1309 3091 carmina

166 3130 233 3192 libri
256 3136 352 3212 quarti
376 3135 472 3196 2-7
496 3144 526 3197 et
551 3137 588 3197 13
603 3155 649 3216 sq.
671 3157 687 3198 a
709 3136 832 3199 secundi
853 3135 919 3197 libri
941 3142 1004 3196 arte
1019 3131 1148 3212 paullulo
1169 3128 1311 3191 recedere
1412 3186 1415 3191 .

166 3230 303 3295 videntur
318 3236 354 3296 de
369 3235 439 3297 PPS
455 3237 561 3314 (semel
574 3236 656 3297 enim
672 3235 741 3298 PPS
761 3234 808 3296 bic
822 3235 901 3297 inter
916 3230 1054 3314 totquc,
1076 3229 1135 3291 illic
1147 3227 1229 3291 inter
1242 3226 1310 3303 25),

165 3329 235 3391 inde
259 3332 333 3393 nibil
355 3333 482 3397 eflicitur
504 3354 558 3414 pro
586 3334 652 3397 libri
682 3334 776 3414 quarti
805 3332 983 3395 hexametris
1005 3329 1060 3393 73:
1087 3326 1198 3391 sedicet
1220 3325 1309 3389 buius

166 3447 239 3490 usus
272 3431 394 3493 varietas
428 3432 521 3514 copiis
549 3432 740 3513 amplioribus
770 3432 944 3497 illustranda
971 3439 1043 3495 erat.
1087 3429 1226 3490 Attamen
1254 3425 1310 3487 bac

166 3527 201 3587 de
223 3529 396 3606 quaestione
419 3532 503 3593 aliter
517 3533 650 3611 Zingerle
672 3532 811 3594 iudicarit
831 3533 863 3594 in
880 3531 1022 3593 Weiteres
1037 3548 1073 3592 zu
1087 3528 1147 3591 den
1164 3524 1309 3606 Sulpicia-

166 3626 278 3704 elegien
302 3628 353 3689 des
368 3629 502 3715 Tibullus
526 3629 636 3709 (kleine
658 3631 728 3711 phil.
744 3632 887 3693 Abhandl.
904 3631 929 3692 ll
944 3649 973 3711 p.
990 3630 1131 3713 lbsqq.);
1154 3642 1308 3687 commen·

166 3725 235 3785 dare
269 3726 346 3788 enim
370 3728 399 3789 id
423 3728 503 3810 quod
525 3728 718 3792 autumabant
751 3730 799 3792 alii
827 3730 936 3804 studet,
969 3728 1077 3809 elegias
1111 3724 1207 3806 quarti
1241 3723 1308 3785 libri

166 3823 290 3904 scriptas
312 3826 391 3888 inter
406 3827 516 3890 Deliam
540 3848 573 3889 ac
587 3827 729 3891 Nemesin
753 3849 828 3904 esse,
851 3829 939 3892 simul
962 3836 995 3891 ut
1018 3825 1138 3905 elegiam
1160 3822 1222 3884 112
1246 3841 1306 3885 non

165 3920 201 3982 ed
235 3922 342 3985 librum
376 3927 467 4006 magis
501 3928 664 3990 secundum
698 3939 787 4009 quani
828 3938 967 4013 quartum
999 3921 1155 3989 attinuisse
1189 3907 1309 3987 statuat

164 4022 260 4101 Atque
283 4025 361 4103 quod
385 4025 497 4087 exstitit
518 4027 623 4107 aliquis
639 4026 689 4109 qui
713 4027 749 4089 de
771 4027 911 4110 loquendi
934 4024 1212 4112 cousuetudine
1232 4032 1304 4103 pote

166 4120 247 4181 matii
262 4122 422 4185 minusculi
438 4125 500 4186 112
522 4126 601 4206 quod
628 4126 752 4189 disticha
773 4146 836 4191 non
859 4127 926 4208 plus
949 4125 1085 4188 undecim
1101 4122 1305 4204 complectitur

165 4220 287 4282 omnino
311 4223 467 4286 observare
488 4224 598 4305 aliquid
618 4235 705 4307 etque
720 4228 900 4290 contendere
914 4226 1085 4307 susciperet,
1107 4232 1230 4303 stupore
1252 4239 1307 4300 ego

165 4337 226 4380 non
248 4339 338 4399 parvo
361 4323 473 4386 delirus
496 4343 572 4387 sum.
618 4326 715 4388 Niitilo
738 4329 835 4389 minus
856 4327 987 4389 audirem
1010 4325 1136 4386 fortasse
1154 4322 1247 4383 modo
1269 4321 1307 4382 ad

165 4417 340 4481 Cerinthum
369 4432 457 4501 poeta
481 4425 650 4503 poemation
675 4426 861 4506 scripsissem
891 4443 971 4488 nunc
993 4424 1061 4505 quia
1089 4421 1167 4487 aliud
1195 4438 1307 4485 nomeu
