2962 5010
621 351 665 362 -
714 317 775 380 1os
816 273 865 362 ⁴-

169 496 354 573 rogationem
392 503 460 572 apte
496 494 708 571 respondebat:
747 493 910 565 Quomodo,
947 497 1051 575 inquit,
1075 493 1314 572 intellegere

170 592 367 655 consectatur?
397 593 553 673 Dr'sfioilt'or
578 610 639 665 res;
666 597 692 654 si
715 603 810 653 tomen
830 596 927 672 cents,
944 593 1047 654 dicam.
1078 591 1168 653 Sentit
1182 610 1211 652 aa
1227 609 1314 652 corne

169 703 297 754 constare
319 713 395 772 eqs.3
432 693 566 771 sequitur
592 699 690 753 autem
717 709 764 752 res
793 709 895 752 revera
925 689 1080 751 difficilior.
1126 690 1227 769 ltaque
1255 707 1313 751 una

169 793 216 850 illa
250 793 427 852 sententiola
454 809 522 852 cum
555 790 585 851 in
623 789 787 867 marginem
821 789 951 860 abiisset,
990 788 1109 849 dimidia
1146 788 1209 849 eius
1244 806 1312 868 pars

168 890 286 958 amissa,
310 889 420 969 reliqua
443 897 477 950 ut
499 890 532 950 tn
555 906 616 950 non
638 906 693 949 suo
715 888 781 948 loco
803 888 934 966 reposita
956 896 1011 949 est.

254 987 386 1066 Denique
408 995 511 1049 contra
532 986 708 1065 Madvigium
729 984 778 1064 (ad
795 986 837 1047 Ile
853 986 903 1045 fin.
921 986 960 1046 III
979 986 1028 1060 to)
1050 1003 1157 1046 moneo
1174 983 1313 1046 omnibus

144 1146 146 1148 ,
170 1087 214 1147 nis
231 1087 380 1165 praeclare
396 1087 504 1148 firmari
529 1087 606 1166 apud
623 1085 719 1146 Laet‘t.
736 1083 819 1162 Diog.
834 1084 883 1145 VII
899 1084 940 1146 85
959 1084 1117 1146 lectionem
1138 1082 1196 1166 τὴν
1211 1075 1313 1145 αὑτοῦ

169 1180 329 1246 σύστασιν
354 1187 410 1245 καὶ
436 1182 494 1266 την
513 1182 631 1266 ταύτης
653 1181 888 1264 συνείδησιν
907 1182 964 1244 nisi
980 1184 1059 1263 quod
1078 1184 1241 1262 pleniorem
1260 1201 1314 1243 ex-

166 1283 334 1361 pectabam:
358 1282 414 1344 καὶ
429 1278 490 1366 την
504 1280 622 1365 ταύτης
637 1280 673 1354 ἐξ
687 1275 764 1344 ὅτου
780 1277 985 1363 λαμβάνεται
1001 1277 1201 1363 συνείδησιν.

252 1381 404 1443 Hactenus
431 1383 467 1444 de
484 1382 654 1462 Chrysippo.
695 1381 768 1443 Nam
797 1381 876 1460 quod
902 1381 1033 1442 sollertia
1048 1381 1220 1461 aquatilium
1237 1381 1313 1440 vinci

167 1480 318 1542 terrestria
356 1481 492 1542 animalia
529 1481 678 1556 dicuntur,
709 1479 740 1540 in
771 1498 805 1540 eo
836 1478 960 1539 fortuito
989 1480 1145 1540 concinere
1174 1479 1314 1540 videntur

166 1585 252 1658 pineta
278 1579 386 1641 latInus
411 1589 498 1658 atque
522 1579 698 1640 Plutarchus
718 1579 828 1657 quippe
851 1577 974 1639 diuersis
989 1595 1112 1657 quorsus
1129 1579 1312 1656 argumentis

167 1697 229 1738 rem
251 1687 395 1756 agentes3
428 1697 526 1758 neque
552 1677 706 1756 vestigium
734 1677 822 1738 huius
843 1677 1010 1738 sententiae
1036 1678 1130 1738 ullum
1157 1686 1208 1737 aut
1234 1677 1311 1755 apud

166 1777 340 1837 Ciceronem
367 1787 417 1839 aut
443 1777 521 1857 apud
543 1775 711 1856 Oppianum
733 1783 788 1836 est.
834 1776 931 1854 Atque
954 1775 1012 1836 iam
1033 1794 1068 1835 eo
1089 1774 1265 1835 deducimur
1278 1782 1313 1834 ut

165 1875 276 1954 reliqua
303 1894 378 1954 quac
405 1876 441 1936 de
463 1875 594 1954 piscibus
613 1875 645 1935 in
671 1872 802 1935 carmine
817 1873 907 1934 latino
932 1882 1048 1935 exstant
1073 1889 1312 1953 percenseamus,

166 1974 245 2034 unde
272 1991 363 2035 novas
389 1993 426 2035 na
450 1973 498 2034 hic
518 1973 637 2053 quidem
659 1974 710 2035 sed
734 1988 911 2034 communes
925 1973 989 2034 lere
1006 1971 1174 2052 antiquitati
1190 1970 1312 2032 notitias

165 2092 181 2132 a
197 2081 284 2153 poeta
301 2070 395 2152 pronti
412 2069 587 2132 firmabitur.

701 2327 773 2389 vlu.

217 2537 219 2541 Α
250 2470 377 2549 Oppiani
400 2478 430 2530 et
451 2467 517 2530 lalsi
541 2466 626 2529 Ovidi
653 2466 685 2528 in
712 2474 774 2528 arte
795 2467 952 2546 piscatoria
975 2466 1131 2530 scribenda
1154 2466 1310 2529 consilium

165 2571 243 2631 idem
267 2570 322 2630 luit
343 2569 400 2630 uisi
423 2567 502 2647 quod
525 2575 555 2629 et
577 2583 678 2627 rerum
701 2567 785 2646 copia
808 2574 838 2626 et
859 2565 1004 2628 librorum
1020 2585 1145 2628 numero
1170 2566 1308 2647 quinqui-

165 2669 280 2747 plicatis
302 2667 377 2729 alter
399 2668 523 2729 alterum
545 2674 677 2745 superat.
722 2665 810 2726 Pares
837 2664 868 2725 in
894 2683 929 2725 eo
952 2682 1004 2725 eos
1027 2664 1126 2727 vidisti
1149 2666 1229 2746 qood
1252 2664 1313 2726 sol-

164 2768 262 2827 lertias
285 2774 411 2846 uterque
433 2765 561 2845 piscium
583 2765 747 2826 narrandas
762 2765 913 2825 duxerunt
928 2771 958 2824 et
974 2763 1095 2844 quidem
1112 2764 1311 2844 Chrysippum

165 2866 275 2944 pariter
297 2865 395 2925 adiere
418 2864 468 2943 qui
494 2880 559 2925 rem
582 2862 777 2942 compositam
801 2862 1042 2924 commodissime
1063 2862 1206 2942 praebere
1228 2862 1312 2923 vide-

165 2967 265 3037 batur3
287 2980 373 3043 pares
389 2962 477 3022 etiam
499 2962 530 3022 in
546 2979 592 3033 co,
608 2962 688 3041 quod
711 2962 876 3039 catalogum
891 2961 1015 3040 insuper
1030 2961 1204 3039 aquatiIIum
1229 2970 1311 3020 utet·-

165 3081 223 3140 que
245 3067 419 3140 proponunt
441 3069 472 3122 et
494 3059 614 3139 quidem
637 3060 726 3120 talem
741 3077 802 3138 quo
825 3060 914 3120 simul
936 3059 1110 3120 instituatur
1129 3060 1181 3138 qui
1204 3057 1311 3119 dicitur

164 3159 332 3239 χωρισμὸς
356 3159 421 3221 τῶν
445 3152 583 3237 ἰχθύων.
621 3159 716 3237 Itque
738 3166 768 3218 et
790 3157 838 3218 hle
859 3165 889 3218 et
911 3157 970 3218 illic
993 3156 1129 3236 aquatilia
1144 3157 1309 3218 secundum

165 3261 298 3320 locorum
321 3257 517 3319 diversitatem
541 3256 710 3335 variamque
733 3254 823 3316 maris
844 3255 896 3316 imi
920 3263 1056 3315 naturam
1080 3255 1308 3316 distribuuntur.

164 3359 245 3433 Quae
266 3357 370 3436 Incipit
391 3356 437 3436 agi
458 3372 506 3416 res
528 3355 607 3434 apud
635 3354 760 3416 latinum
783 3354 961 3434 scriptorem
983 3353 1053 3413 inde
1076 3371 1091 3414 a
1114 3371 1140 3413 v.
1158 3352 1209 3425 85,
1231 3354 1308 3432 apud

164 3474 301 3535 graecum
318 3457 354 3517 ab
369 3455 381 3516 l
396 3473 422 3516 v.
439 3453 490 3516 86.
529 3455 625 3534 Atque
648 3454 724 3514 hanc
747 3453 837 3514 totius
861 3453 957 3533 operis
978 3451 1204 3533 dispositionem
1226 3470 1310 3512 com—

166 3573 285 3615 munem
309 3554 344 3615 iis
367 3571 436 3615 casu
452 3553 558 3615 laetam
582 3571 647 3614 asae
672 3552 718 3613 vix
740 3551 853 3612 credes.
891 3551 1014 3629 Singula
1038 3567 1108 3611 vero
1132 3560 1309 3629 persecutus

166 3653 235 3714 haec
257 3653 395 3713 observo:
419 3653 496 3732 apud
520 3652 658 3713 Ovidium
682 3671 708 3711 v.
725 3648 857 3712 tto-91
883 3649 988 3711 ditisio
1011 3667 1072 3711 non
1095 3650 1228 3711 cernitur
1250 3649 1307 3710 nisi

78 3821 80 3825 y
164 3754 298 3814 locorum
321 3758 494 3812 ternorum:
518 3759 547 3811 et
570 3768 745 3813 saxosorum
768 3757 798 3810 et
820 3749 1033 3812 umbrosorum
1056 3757 1086 3810 et
1101 3747 1307 3809 herbosorum.

163 3853 260 3931 Atque
283 3849 338 3910 ista
361 3849 411 3927 qui
433 3849 537 3926 legerit
558 3850 617 3910 Iam
640 3851 703 3928 Ipsa
725 3848 848 3909 uomina
873 3847 1000 3928 plscium
1023 3847 1092 3909 inde
1107 3866 1123 3908 a
1139 3867 1164 3907 v.
1181 3845 1223 3907 94
1247 3846 1309 3907 dis·

164 3951 295 4030 positum
323 3957 352 4008 et
384 3955 551 4027 separatum
585 3948 622 4008 iri
655 3947 819 4026 expectabit
852 3965 955 4008 eorum
989 3947 1120 4026 primum
1154 3945 1205 4024 qui
1239 3962 1307 4004 saxa

164 4048 269 4110 dando
302 4047 352 4126 qui
386 4046 521 4107 umbram
554 4045 659 4107 ultimo
691 4046 757 4106 loco
790 4045 841 4124 qui
869 4045 962 4125 algam
986 4045 1103 4106 mollem
1126 4050 1307 4124 precament.

163 4148 229 4220 Quo
252 4148 348 4208 olllcio
371 4147 462 4207 homo
485 4144 700 4207 insulsissimus
724 4164 758 4205 eo
781 4162 876 4223 usque
897 4161 960 4205 non
981 4144 1103 4206 functus
1127 4151 1173 4206 est
1196 4153 1229 4204 ut
1251 4160 1308 4222 pe·

163 4246 252 4323 lagios
278 4252 396 4306 tautum
420 4244 508 4306 modo
531 4242 762 4320 (nul-417)
791 4242 893 4303 incolis
921 4242 1078 4303 herbarum
1102 4240 1307 4320 tota-134)

164 4353 328 4423 opponeret
359 4354 448 4424 atque
480 4346 509 4405 in
544 4345 597 4405 tras
630 4343 704 4406 duas
737 4343 845 4404 classes
880 4342 988 4404 conicit
1018 4342 1224 4422 constipatque
1250 4360 1307 4402 no·

164 4442 244 4504 mina
265 4451 414 4523 quotquot
434 4451 585 4524 comperta
613 4441 702 4504 habet
730 4450 836 4502 natura
864 4440 1003 4519 victuque
1032 4450 1062 4501 et
1088 4440 1152 4520 ipsa
1177 4441 1306 4502 statione
