2962 5010
615 316 859 383 -129-

235 497 286 574 (X)
308 491 328 578 ἢ
352 492 473 580 σκάρον
494 492 514 578 ἢ
536 494 651 557 κῶθον
670 494 812 576 τροφίην
834 489 890 554 καὶ
912 488 1054 555 άναιδέα
1075 483 1150 575 λίην

309 591 446 673 χάννους
467 588 497 656 τ’
520 589 673 672 ἐγχέλυάς
694 589 807 654 τεκαὶ
830 588 980 673 ἐννυχίην
993 585 1133 653 πύτινον

310 689 330 776 ἢ
367 688 450 775 μίας
486 689 505 776 ἢ
542 697 669 766 ίππους
703 685 741 773 ἥδ
773 687 921 772 γλαυκὴν
967 684 1148 770 κορύδυλιν
1180 687 1254 763 (304
1272 685 1329 756 n,-

910 788 946 851 cf.
962 787 1067 862 327F,
1083 787 1144 850 306
1153 787 1183 858 G,
1201 785 1262 849 309
1272 785 1309 865 C)

224 889 290 970 (ΧΙ)
314 886 427 952 ἄλλοτε
460 884 638 971 καρχαρίην
670 883 726 951 cici
760 884 797 949 δὲ
819 882 942 970 ῥόθιον
963 885 1154 971 ψαμαθῖδα
1185 885 1259 961 (306
1275 884 1307 957 Β,

1194 983 1256 1045 327
1272 985 1309 1058 Α)

211 1089 289 1168 (ΧΗ)
311 1085 447 1170 ῥηϊδίως
469 1089 609 1153 ἕλκοιο
632 1089 686 1150 καί
710 1085 844 1171 αἰολίην
857 1093 1042 1168 ’κορακῖνον
1063 1082 1138 1165 (308
1150 1084 1187 1163 Ε)

197 1188 287 1266 (ΧΠΙ)
310 1186 499 1272 κανθαρίδα
522 1197 756 1272 προφανεῖσαν
777 1180 896 1250 ὕαινάν
916 1206 952 1246 τε
973 1181 1107 1267 τρίγλην
1128 1206 1163 1247 τε
1185 1181 1260 1262 (326
1273 1181 1309 1257 F)

200 1285 287 1366 (xlv)
311 1284 331 1370 ἢ
352 1282 462 1373 φόρον
483 1284 504 1371 ἢ
526 1284 658 1360 σάλπας
679 1283 699 1370 ἢ
722 1283 881 1367 αἰγιαλῆα
903 1277 1070 1368 δράκοντα
1091 1281 1166 1364 (313
1180 1281 1214 1361 Ε)

209 1385 285 1466 (XV)
729 1378 841 1447 ἄλλοτ’
866 1379 1009 1464 ἐρυθρὸν

311 1479 439 1565 κόκκυγ’
463 1482 484 1568 η”
506 1476 620 1564 δλίγας
636 1481 861 1567 πεμφηρίδας,
885 1476 1002 1544 ἄλλοτε
1024 1478 1147 1563 σαῦρον
1161 1478 1237 1561 (309
1249 1478 1294 1559 F).

168 1609 205 1669 At
219 1629 288 1671 vero
303 1611 336 1673 in
351 1612 406 1674 alio
420 1621 500 1674 certe
515 1611 593 1674 serie
608 1610 740 1689 positum
755 1609 813 1671 hoc
828 1609 1028 1688 fragmentum
1041 1606 1154 1668 fuerat:

201 1721 288 1799 (xvi)
310 1719 330 1806 ἢ
353 1720 481 1806 σπάρον
502 1746 522 1804 η
544 1717 624 1794 ὕκας
646 1716 821 1802 ἀγεληίδας
842 1715 862 1801 ἢ
884 1714 943 1780 ἐπὶ
965 1713 1094 1801 φάγρον

309 1823 411 1902 πέτρη
435 1816 626 1902 ἀλωόμενον
648 1815 733 1900 (anri
755 1815 814 1879 ἐπὶ
831 1818 932 1902 πέτρη
954 1811 1083 1899 φάγρον
1097 1809 1310 1896 ἀλωόμενον(

1017 1913 1113 1976 3273
1129 1913 1166 1976 cf.
1183 1911 1244 1974 320
1256 1913 1310 1993 D);

169 2061 239 2104 nam
266 2036 327 2127 ὕκη
354 2043 411 2105 iam
428 2043 460 2105 in
476 2044 512 2104 fr.
527 2043 589 2105 vill
605 2042 710 2122 legitur
724 2058 823 2122 neque
842 2040 888 2102 bis
911 2040 943 2101 in
969 2040 1072 2102 eadem
1098 2040 1176 2101 serio
1201 2038 1309 2101 hahere

170 2143 264 2203 locum
281 2152 406 2222 poterat,
420 2141 500 2223 quod
515 2140 593 2204 idem
605 2142 682 2204 valet
694 2142 730 2203 de
741 2141 852 2222 phagro
865 2139 916 2220 qui
930 2140 1083 2220 legebatur
1096 2139 1154 2201 iarn
1170 2137 1248 2199 infr.
1262 2137 1307 2199 Vf.

169 2240 237 2302 frico
253 2250 281 2301 et
298 2242 353 2303 hoc
367 2244 566 2320 fragmentum
808 2320 810 2325 Ι

187 2352 285 2428 (Xfo)
308 2349 468 2430 γλαύκους
489 2350 508 2437 ἢ
531 2348 643 2434 ὀρφῶν
665 2347 783 2414 ἔναλον
804 2350 897 2428 γένος
918 2345 956 2434 ἠὲ
976 2347 1168 2433 μελάγχρων

310 2448 479 2533 κόσσυφον
499 2448 520 2534 ἢ
542 2446 654 2529 κίχλας
677 2445 858 2522 άλιειδέας,
880 2444 998 2512 άλλοτε
1020 2444 1055 2510 δ’
1078 2445 1160 2533 άλλη

311 2549 434 2633 σαργὸν
465 2547 682 2613 ἐπικέλσοντα
713 2547 1016 2631 λινοπληγέστατον
1050 2545 1152 2626 ίχθιίν
1184 2546 1258 2625 (305
1277 2548 1308 2619 C,

1011 2646 1072 2710 321
1087 2647 1123 2725 Β;
1146 2650 1182 2710 of.
1199 2647 1260 2710 315
1272 2646 1308 2725 B)

169 2768 198 2820 et
219 2760 344 2821 alterum
367 2760 425 2822 hoc

171 2884 285 2966 (XVIII)
307 2881 424 2948 άλλοτε
450 2879 483 2947 δ’
510 2879 552 2947 αὖ
575 2886 697 2968 πέρκας
719 2880 774 2949 ὅτε
796 2882 834 2948 δὲ
857 2880 1046 2969 στροφάδας
1068 2883 1162 2968 παρά
1182 2886 1307 2967 πέτρην

309 2976 451 3066 φυκίδας
472 2978 643 3066 ἀλφηστήν
663 3005 698 3045 τε
720 2981 775 3045 καὶ
798 2981 834 3046 ἐν
855 2982 1007 3072 χροιῇσιν
1029 2981 1174 3067 ἐρυθρὸν

309 3083 471 3162 σκορπίον
502 3103 521 3164 η
556 3083 712 3163 πέρκαισι
740 3080 933 3165 καθηγητὴν
953 3079 1157 3165 μέλανουρον
1183 3080 1259 3161 (319
1274 3083 1307 3154 Β,

910 3179 1007 3243 onon
1024 3181 1060 3242 cf.
1078 3179 1180 3242 oron.
1197 3178 1259 3242 εει
1272 3182 1307 3255 ι)

167 3305 239 3367 haec
266 3307 386 3386 inquom
413 3312 546 3386 separata
576 3312 738 3385 utrumque
761 3323 779 3368 a
803 3305 839 3366 fr.
857 3306 906 3369 vlt
935 3306 1107 3386 legebantur
1132 3316 1162 3369 et
1187 3314 1308 3386 proptor

167 3405 328 3484 orphorum
357 3412 387 3466 et
411 3412 532 3485 propter
558 3404 748 3484 scorpionum
770 3405 972 3482 mentionem3
997 3423 1092 3486 noque
1108 3425 1176 3468 oum
1192 3406 1228 3468 fr.
1245 3405 1308 3468 v111

121 3502 125 3511 '
168 3521 226 3563 una
253 3503 310 3583 legi
335 3503 370 3564 fr.
388 3503 465 3565 XVII
488 3511 607 3583 propter
633 3502 757 3565 eandem
785 3504 968 3580 mentionem
995 3505 1157 3586 orphorum
1180 3512 1307 3585 poterat.

166 3601 223 3662 Sed
250 3610 350 3663 tamen
375 3620 413 3662 nc
441 3621 558 3682 semper
574 3601 756 3664 Numenium
777 3603 892 3665 aridum
915 3604 997 3667 hunc
1017 3604 1119 3667 stilum
1142 3605 1307 3666 exercuisse

166 3699 278 3772 credas,
304 3700 341 3759 ad
367 3700 445 3762 atiud
471 3719 566 3782 genus
595 3700 807 3781 pisciculorum
839 3703 1014 3784 capiendum
1042 3703 1180 3766 viridiore
1210 3701 1308 3763 colore

164 3797 357 3878 procedebat:
1123 3825 1126 3830 ·

197 3908 289 3991 (xix)
462 3908 502 3972 οδ
524 3905 557 3973 δ’
581 3906 698 3972 ἄνκαὶ
721 3907 850 3990 χαλκίδ’
873 3911 1006 3998 ἐκείνη

307 4001 413 4083 αὕτως
435 4002 616 4091 άμπείραις
638 4002 791 4093 δλίγην
812 4011 879 4074 καί
902 4010 1043 4094 μαινίδα
1065 4010 1138 4089 (328
1155 4012 1206 4088 D);

165 4146 263 4227 itaque
286 4166 302 4209 a
324 4147 458 4211 fuscinae
480 4156 542 4213 arte
565 4167 621 4228 qno
645 4151 743 4229 pisces
766 4151 865 4231 magni
895 4152 1027 4231 figuntur
1055 4154 1092 4215 ad
1121 4162 1202 4215 vesta
1232 4152 1306 4215 retia

165 4247 291 4326 parvulis
318 4248 432 4328 aptiora
456 4248 496 4310 ito
525 4249 652 4312 traducit
672 4250 813 4311 lectorem
839 4258 872 4312 ut
898 4251 1025 4323 „frustra
1051 4252 1165 4331 inquiat
1189 4252 1307 4313 fuscina

165 4342 290 4429 (ἐκείνη
317 4365 357 4407 sc.
384 4344 423 4434 τη
448 4351 598 4431 τριοίνη)
628 4359 662 4413 tu
691 4358 722 4410 ct
751 4349 864 4411 ohnfcin
889 4350 1072 4413 transfixeris
1102 4352 1247 4413 minutam
1278 4359 1307 4412 et

166 4451 332 4518 maenam‘,
352 4464 411 4525 quo
434 4449 498 4510 foco
523 4448 559 4510 cd
585 4458 737 4530 capturos·
752 4466 859 4527 genem
874 4448 1052 4529 dispositum
1066 4467 1189 4513 carmon
1203 4468 1306 4512 revera

193 4541 284 4596 Birt,
298 4541 327 4587 do
341 4542 484 4590 halieuticfs
672 4558 675 4565 ·
1131 4554 1147 4606 9
