2962 5010
619 247 862 321 ⁴192-

167 422 273 510 nucum
290 426 393 503 309D,
420 429 472 491 ubi
498 445 594 510 neque
620 427 677 490 καὶ
702 418 882 512 χάλανδροτ
908 433 978 492 ferri
994 438 1091 511 potest
1118 446 1216 511 neque
1240 447 1315 493 vero

166 526 221 589 καὶ
244 524 418 608 χάλαδροι,
436 528 530 590 simile
550 529 661 590 inferre
677 531 897 609 temptaverim:
925 526 1077 609 τρυγόνες
1103 526 1132 590 t’
1158 524 1315 592 ὀπισθό-

166 632 294 709 κεντροι
323 621 658 711 καίσχροέτοκνθοο
688 630 815 708 κωβυοί.
863 630 930 692 ullo
955 630 984 691 iu
1012 627 1176 690 finemeori
1201 628 1315 691 {adnue

165 733 251 808 poeta
268 732 330 788 nou
345 725 455 806 posuit.
487 725 582 807 dtque
603 726 720 789 litterae
742 728 867 790 traditae
893 719 970 790 banc
995 728 1096 810 potius
1116 725 1314 807 scriptionem

166 833 196 886 et
210 824 312 886 sensui
329 833 358 886 et
373 825 465 886 oculis
482 823 695 887 conciliabunt:

265 969 420 1043 bubulcus,
436 977 466 1031 et
481 969 566 1050 spina
581 988 697 1032 nocuus
713 987 785 1030 non
799 969 905 1048 gobius
922 969 998 1032 ulta

166 1134 224 1201 qua
252 1120 341 1182 etiam
368 1120 460 1200 magis
487 1127 659 1200 portentum
680 1111 763 1182 ¹istud
789 1122 883 1183 lector
902 1132 1095 1201 expauescere
1117 1121 1235 1182 debeat.
1271 1121 1315 1182 Be

166 1234 224 1280 usu
239 1219 385 1300 participii
406 1237 465 1280 non
483 1219 562 1281 ultus
576 1219 658 1299 quasi
680 1218 718 1281 sit
739 1219 849 1280 a'oultaos
861 1219 914 1299 (of.
931 1219 993 1280 Hal.
1009 1234 1035 1279 v.
1052 1219 1105 1295 26)
1125 1219 1236 1300 passivi
1257 1221 1315 1282 de-

164 1318 340 1380 liberantem
368 1318 485 1380 misisse
512 1317 548 1378 ad
563 1317 680 1379 Heroid.
697 1308 758 1378 Vlll
775 1316 835 1378 tuo
860 1318 990 1380 sufficiet
1015 1327 1067 1380 aut
1092 1311 1128 1381 ad
1149 1319 1250 1380 Heinsi
1275 1319 1315 1379 de

167 1428 254 1477 versu
269 1417 336 1477 Met.
354 1416 404 1479 Vll
420 1417 439 1478 3
456 1415 606 1479 iudicium.
636 1415 774 1478 lubricos
789 1434 864 1495 quae
891 1435 944 1478 vox
972 1417 1000 1477 iu
1028 1417 1123 1497 capite
1136 1417 1226 1480 metri
1239 1435 1312 1478 oer-

168 1515 249 1576 nitur
264 1515 300 1577 ad
313 1514 428 1595 piscem
443 1515 610 1595 pertinebat
625 1516 676 1595 qui
692 1533 830 1576 versuum
848 1515 929 1578 biatu
947 1515 1102 1577 intercidit.

251 1613 346 1694 Atque
362 1614 398 1675 ad
413 1613 568 1694 gobionem
585 1615 685 1676 aculeo
712 1614 880 1675 mittentem
907 1612 986 1676 virus
1012 1614 1070 1676 iam
1093 1613 1313 1693 lolliginem

167 1713 247 1774 virus
262 1712 379 1793 nigrum
394 1720 564 1793 portantem
580 1714 612 1776 iu
629 1731 753 1793 corpore
767 1713 894 1792 scriptor
910 1713 1029 1787 adserit,
1056 1714 1134 1775 sieut
1148 1713 1183 1774 ad
1199 1713 1313 1792 sepiam

166 1813 366 1892 polypumque
392 1830 558 1873 venenosos
574 1828 756 1872 venenosum
772 1811 932 1889 gabianam
947 1812 1109 1893 Oppianus.
1141 1812 1216 1873 Noto
1232 1811 1313 1873 enim

168 1900 327 1989 lolligiuem
356 1910 484 1990 positam
514 1910 716 1990 neglegentius
746 1927 825 1982 esse,
870 1911 1000 1991 ponique
1034 1910 1145 1990 sepiam
1170 1909 1314 1973 <debuisse

168 2010 258 2085 (velut
273 2008 436 2090 Hesychius
456 2027 576 2089 quoque
596 2008 722 2088 explicat
747 2004 918 2081 τευθίδες·
946 2009 1092 2090 σηπίαι),
1117 2026 1188 2071 nam
1214 2008 1315 2089 sepiae

167 2107 286 2187 quidem
314 2127 366 2168 seu
392 2108 447 2170 viri
473 2108 533 2169 sive
564 2107 716 2187 sanguinis
732 2108 825 2169 mavis
841 2108 922 2170 color
948 2108 1059 2186 niger
1084 2118 1131 2170 est
1157 2107 1244 2171 ouius
1269 2109 1314 2171 rei

167 2212 258 2268 testes
284 2207 426 2268 advocare
452 2207 558 2281 taedet,
591 2213 694 2268 contra
727 2206 864 2285 lolliginis
891 2207 1055 2268 subrubere
1081 2207 1314 2289 videbaturtlp-

164 2304 254 2385 piano
268 2311 347 2367 teste
362 2304 402 2366 Ill
420 2307 493 2367 167:
516 2323 554 2366 an
574 2306 604 2366 in
626 2323 759 2366 errorem
775 2305 943 2386 Oppianum
959 2304 1131 2367 Aristoteles
1146 2306 1310 2368 abduxerat

167 2403 218 2482 qui
244 2403 340 2484 ipsum
367 2405 468 2484 potius
494 2404 602 2466 animal
628 2401 791 2472 subrubere
817 2404 937 2485 scripsit
964 2404 1082 2481 (Athen.
1107 2401 1234 2482 dbdcl‘l
1259 2405 1313 2466 sed

166 2502 269 2564 nescio
284 2504 430 2566 uumboo
443 2504 508 2566 loco
524 2503 746 2566 rescribendum
766 2503 818 2564 sit:
839 2500 876 2564 τὸ
894 2500 931 2564 δὲ
945 2498 1060 2584 χρῶμά
1079 2499 1170 2566 ἕστνν
1187 2491 1313 2584 ὁπέροὲ

168 2601 252 2682 deoc
278 2597 297 2664 ὁ
322 2594 451 2675 θολός
477 2601 553 2664 sicut
579 2603 683 2663 eodem
698 2601 762 2663 loeo
778 2602 812 2663 ad
829 2603 945 2674 τευθίς
959 2616 1070 2663 nomen
1086 2603 1309 2682 scriptumest:

168 2695 233 2776 ἔχει
251 2688 358 2761 δὲκαὶ
375 2697 482 2762 θολὸν
496 2697 532 2763 ἐν
545 2699 584 2789 τῇ
599 2695 713 2782 μύτιδι
730 2695 768 2763 ὀὗ
783 2697 911 2782 μέλανα
927 2695 1001 2762 eet’
1018 2695 1132 2783 ὠχρόν.

253 2798 401 2861 Asellus
416 2799 536 2861 nomine
551 2819 604 2862 suo
620 2808 680 2860 tam
698 2799 823 2860 deformi
838 2815 901 2861 non
917 2799 1022 2878 dignus
1039 2816 1104 2861 esse
1115 2799 1318 2882 poeeae‘riaus.

167 2905 226 2974 est3
252 2884 362 2977 nempe
378 2906 466 2978 post
492 2899 746 2979 acipenserem
762 2899 950 2980 praeeipuam
965 2889 1043 2978 apud
1059 2899 1312 2978 nomanostpne-

169 2988 214 3060 ter
235 2999 321 3077 lupos
336 2997 541 3061 auctoritatem
565 2997 662 3059 asellis
677 2997 768 3060 tuisse
790 2997 987 3059 et·Co'rttelius
1003 2996 1103 3076 Nepos
1114 3005 1155 3058 ¹'et
1169 2988 1311 3059 Laberius

167 3084 256 3175 poeta
270 3096 418 3158 tradidere
436 3094 520 3172 (Plin.
537 3095 577 3156 lx
584 3096 659 3174 ’61);
680 3104 768 3176 atque
789 3097 850 3158 hac'
862 3096 988 3158 fortasse
1010 3095 1310 3159 observatione-iuvi-

168 3200 246 3256 tatus
263 3195 302 3256 ad*
314 3194 436 3257 asellum
453 3195 484 3256 in
496 3215 522 3255 v.
538 3194 598 3255 134
609 3195 813 3275 'acipenserem
828 3195 928 3274 ipsum
944 3201 1028 3274 poeta
1045 3194 1187 3257 adiunxit.
1206 3186 1264 3256 “Su
1275 3212 1311 3256 os

168 3312 232 3354 esse
262 3285 352 3355 duros
383 3278 500 3356 aliunde
530 3301 716 3374 compertum
748 3310 808 3354 non
837 3292 943 3356 liabeo.
979 3293 1093 3355 ¹Gari-s
1116 3293 1238 3356 sinuata
1265 3294 1312 3355 rel

168 3392 286 3454 sinuosa
317 3392 455 3454 sollemni
486 3400 661 3454 ornamento
690 3396 893 3468 memoratum
924 3392 965 3453 ita
994 3385 1174 3473 ’καμπύλον
1198 3393 1312 3454 draros

154 3476 255 3570 ¹poeta
270 3491 348 3570 apud
365 3490 474 3552 dtben.
493 3490 582 3552 10513
599 3489 696 3570 (861))
718 3498 748 3552 et
762 3490 983 3552 duanandrides
1001 3490 1071 3551 ibid.
1091 3490 1180 3552 toda
1191 3482 1226 3552 *tt
1241 3491 1312 3570 Epi-

170 3589 307 3653 charmus
327 3588 416 3651 10le
442 3590 591 3661 dixerunt,
618 3587 907 3672 xvpcdv'Ophelion
931 3589 976 3651 bis
995 3580 1104 3663 106d3
1122 3596 1217 3669 atque
1243 3589 1312 3669 quia

171 3689 311 3751 omuibus
328 3689 433 3770 squilla
449 3689 515 3751 talis
530 3689 590 3749 uisa
600 3695 661 3762 est,
688 3687 723 3749 ad
746 3684 878 3770 νύμφην
903 3687 983 3748 illam
996 3687 1116 3749 deferor
1131 3696 1219 3766 quam
1231 3687 1314 3749 inter

168 3778 423 3870 μαλακόστρακα
439 3786 623 3867 Speusippus
639 3782 675 3848 ἐν
690 3783 829 3873 δευτέρῳ
841 3781 984 3868 Ὁμοίων
1002 3785 1172 3849 exhibebat:
1194 3800 1265 3847 nam
1280 3786 1314 3848 in

169 3878 310 3948 simillium
326 3883 549 3948 enumeratione
564 3883 619 3946 hac
635 3884 755 3959 (Athen.
774 3885 878 3965 10513)
899 3882 1040 3966 κόρακον
1061 3879 1209 3947 docendo
1230 3880 1314 3966 νύμ-

169 4003 235 4068 φην
256 3981 375 4067 ἄρκτον
395 3985 551 4067 καρκίνον
571 3978 745 4067 ’πάγουρον
761 3984 828 4065 quia
850 3984 991 4046 similium
1008 3982 1181 4046 animalium
1197 3984 1312 4046 nullum

169 4074 354 4146 desideratur
368 4091 486 4166 praeter
501 4085 639 4145 carabum
660 4091 689 4144 et
712 4083 857 4163 squillam,
877 4090 958 4164 patet
974 4082 1092 4162 quidem
1109 4082 1139 4143 id
1155 4083 1313 4163 quodemn

168 4182 282 4263 primus
308 4172 393 4244 uideo
419 4201 474 4263 pro
500 4177 641 4266 κόρκκον
665 4182 874 4262 reponendum
901 4200 974 4259 esse¹
989 4178 1313 4264 adpadov,··squillam

159 4274 267 4353 'autem
284 4272 374 4343 latere
396 4281 543 4362 suspicor·
557 4280 614 4343 sub
640 4273 752 4364 udp'ttpp
778 4275 900 4344 nomina
917 4268 1314 4361 quandoquiddm'ientinae

169 4380 318 4458 puellaeve
333 4372 612 4443 sinuosaesiuuosa‘
623 4372 744 4441 bestiola
760 4379 979 4442 similisvideri
1001 4379 1095 4442 l‘ac'ile'
1106 4375 1254 4459 pollueret.
