2962 5010
623 283 844 346 ..72-

164 479 211 521 res
233 462 345 538 optinet.
391 459 503 519 Tamen
530 459 607 520 banc
633 458 791 521 lectionem
814 477 901 524 causa
930 462 1013 523 adest
1040 470 1139 541 aperta
1161 480 1213 524 cur
1240 461 1309 525 abi-

166 577 233 621 cere
255 558 415 619 debeamus
442 559 545 620 eadem
572 557 708 619 videlicet
734 577 792 637 qua
813 558 960 638 Hauptius
985 560 1138 638 indignam
1162 579 1226 624 eam
1249 580 1307 641 pu·

39 738 42 744 ,
164 659 238 719 tavit
260 675 348 736 quam
371 656 528 735 proferret.
573 657 680 717 Totam
703 656 812 717 iterum
836 658 900 735 lege
924 659 1114 719 sententiam:
1143 663 1310 740 sepiarum

164 759 239 836 forte
262 755 411 834 Deprensa
434 758 553 816 estium
575 757 687 836 iamque
713 774 818 843 monus
847 760 926 819 timet
950 757 999 818 illa
1021 761 1143 838 reperis,
1176 757 1310 838 inpetens

166 871 272 934 aequor
299 856 414 932 ciprum
437 858 527 916 vomit
553 854 601 916 illa
627 873 774 916 cruorem:
812 854 920 934 duplex
945 853 998 916 ille
1026 855 1105 916 enim
1135 850 1206 935 quid
1233 857 1310 918 valet

164 952 222 1014 nisi
243 952 337 1013 risum
359 949 501 1014 movere?
523 953 644 1015 Falsum
660 953 835 1016 alterutrum
854 960 900 1014 est
921 971 1018 1032 neque
1031 953 1156 1018 alterum
1167 954 1309 1033 adoptare

164 1050 221 1113 nisi
244 1068 313 1111 eum
337 1051 421 1111 decet
447 1049 498 1130 qui
523 1051 630 1112 salsum
656 1051 739 1130 prius
768 1071 831 1113 esse
854 1051 981 1114 evicerit.
1025 1053 1120 1133 Atque
1144 1053 1218 1115 mibi
1240 1053 1308 1133 qui-

165 1148 233 1211 dem
260 1148 317 1210 hoc
344 1166 415 1210 sane
442 1149 476 1210 ad
503 1166 607 1210 verum
638 1150 731 1210 multo
759 1151 938 1231 propensius
967 1150 1096 1224 videtur3
1129 1169 1197 1212 nam
1225 1151 1308 1231 prius
1389 1172 1391 1176 ⁴

164 1246 218 1308 ille
238 1246 455 1308 inertissimum
489 1247 523 1308 ad
556 1246 688 1308 taedium
726 1266 821 1327 usque
859 1249 1013 1328 superfluit
1050 1268 1150 1329 neque
1186 1268 1309 1311 sensum

165 1345 288 1406 baberet
310 1344 368 1406 nisi
390 1344 415 1405 si
438 1343 509 1424 quid
532 1364 567 1405 eo
588 1354 707 1424 praeter
729 1347 841 1427 sepiam
863 1347 940 1409 aliud
962 1346 1059 1425 (velut
1080 1345 1193 1426 legal)
1216 1348 1309 1409 indu-

166 1451 291 1504 ceretur.
329 1441 405 1504 Ecce
431 1460 514 1504 error
535 1442 748 1506 iucundissime
772 1444 941 1506 submotus:
965 1444 1056 1525 (sepio
1071 1445 1147 1525 cum)
1162 1445 1309 1526 Deprensa

165 1549 206 1602 est
237 1544 295 1602 iem
330 1543 442 1618 temque
475 1559 577 1602 monus
604 1545 680 1604 timet
700 1542 767 1603 billa
792 1546 916 1622 ruperis.
958 1542 1025 1604 Hoc
1047 1551 1106 1603 cst:
1137 1543 1204 1604 iam
1230 1543 1308 1623 ipsa

165 1630 305 1700 viscera
328 1634 491 1719 (μήκωνες
517 1638 683 1720 Oppianus,
711 1637 806 1722 μύττς
829 1639 1020 1718 Plutarchus)
1047 1641 1155 1701 timent
1176 1658 1214 1702 ne
1241 1640 1309 1703 sibi

165 1737 262 1817 rapaci
284 1754 374 1799 manu
397 1754 486 1798 sucus
513 1737 661 1816 eripiatur.
707 1737 792 1809 Quod
817 1756 878 1799 uon
905 1739 1002 1800 solum
1029 1738 1140 1801 dictum
1163 1739 1309 1819 exquisite

165 1836 280 1897 videtur
302 1836 354 1896 sed
381 1835 468 1897 etiam
496 1837 618 1897 adrem
646 1835 741 1914 ipsam
768 1836 968 1915 aptissimum3
999 1837 1030 1896 id
1060 1836 1138 1898 enim
1161 1836 1311 1900 ducebant

165 1933 275 1994 mirum
296 1933 328 1994 in
353 1933 504 2013 plerisque
520 1933 701 2007 animalium,
724 1933 825 1995 scire
848 1949 1009 2014 ea'quare
1028 1941 1200 2014 petantur
1221 1934 1309 2013 (Plin.

164 2030 291 2110 vl119);
313 2031 352 2093 ita
377 2032 437 2110 peti
464 2032 567 2092 dentes
586 2050 656 2092 suos
678 2032 778 2093 sciunt
803 2031 951 2111 elephanti
970 2032 1051 2110 (ibid.
1073 2033 1119 2112 7)3
1142 2039 1310 2095 castoreum

166 2148 254 2192 suum
284 2128 351 2191 libri
378 2128 459 2206 (ibid.
484 2129 575 2204 109);
605 2136 727 2209 propter
750 2131 922 2207 margaritas
948 2149 981 2191 se
1003 2131 1064 2210 peti
1086 2149 1175 2210 gnara
1198 2133 1310 2195 concha

166 2228 252 2305 (Plin.
265 2227 304 2287 lll
318 2227 393 2302 1103
416 2226 453 2288 cf.
469 2227 559 2288 etiam
575 2247 599 2289 c.
616 2245 643 2305 g.
660 2227 764 2288 Philen
780 2247 805 2290 v.
820 2228 914 2303 16623
937 2229 1124 2290 Timotheum
1141 2231 1187 2291 ed.
1200 2229 1308 2309 Haupt.

164 2328 196 2387 in
218 2324 582 2403 Η5551511155554115.
601 2327 661 2400 15).
698 2326 790 2388 Sedes
813 2334 909 2388 autem
934 2328 1100 2399 atramenti,
1123 2329 1210 2389 etiam
1233 2327 1310 2408 apud

165 2422 352 2486 Aristotelem
368 2422 487 2502 quidem
509 2441 541 2484 ea
557 2431 621 2484 tum
643 2418 739 2501 μύτις
764 2433 828 2504 tum
855 2421 967 2508 μήκων
992 2435 1103 2499 vocata,
1128 2423 1213 2515 polae*v
1231 2427 1308 2505 apud

166 2520 344 2617 Nicandrum
362 2520 440 2582 Alex.
458 2540 483 2581 v.
500 2519 573 2594 473,
599 2540 667 2583 cum
694 2522 725 2583 in
750 2522 969 2602 Epigrammata
989 2525 1026 2584 de
1047 2525 1134 2604 Sepia
1154 2525 1280 2604 legatur:

267 2668 402 2730 Praestat
428 2684 515 2737 carne
541 2665 632 2740 cibos,
661 2667 776 2747 apicum
802 2667 853 2728 dat
879 2667 969 2730 felle
995 2668 1105 2746 figuras

323 2766 362 2827 Et
386 2765 441 2826 uiri
465 2764 564 2846 specie
591 2783 678 2827 usum
705 2767 740 2827 ad
768 2773 929 2845 utrumque
954 2765 1038 2838 facit3

166 2918 211 2998 (in
238 2917 347 2999 quibus
372 2921 430 2979 οἱα·
454 2936 508 2996 pro
535 2917 615 2979 breor'
641 2917 799 2980 refecimus
832 2927 1000 2998 comparato
1028 2918 1081 2980 Ov.
1103 2919 1166 2980 Hal.
1190 2938 1216 2980 v.
1241 2918 1310 2992 131,

167 3017 291 3098 Oppian.
308 3017 371 3079 Hal.
387 3017 413 3077 ss
428 3017 502 3090 455,
521 3015 612 3077 Phil.
637 3014 741 3092 1831),
776 3017 848 3078 haec
869 3018 971 3080 cadem
998 3035 1053 3079 cur
1077 3015 1114 3077 ab
1137 3018 1192 3079 alio
1214 3008 1312 3097 scripss

165 3123 231 3177 tore
246 3116 303 3177 dici
317 3115 390 3178 bille
406 3115 504 3176 minus
519 3114 651 3194 potuerit
670 3133 731 3176 non
754 3115 848 3177 video.
893 3116 988 3177 lmmo
1010 3117 1108 3177 iacent
1122 3116 1210 3178 hillae
1233 3116 1312 3177 inter

168 3214 363 3275 ventriculum
380 3215 425 3275 vel
441 3214 538 3291 gulam
556 3219 586 3274 et
606 3212 683 3274 inter
699 3214 795 3275 alvum
811 3213 862 3292 (cf.
878 3213 955 3274 Plini
970 3213 1011 3274 Xl
1026 3213 1104 3287 2003
1120 3213 1197 3275 Celsi
1212 3214 1249 3275 lV
1266 3214 1311 3290 1);

166 3313 256 3392 igitur
270 3313 338 3375 audi
353 3313 442 3374 modo
454 3311 643 3373 Aristotelem
658 3307 737 3373 Part.
754 3311 809 3371 An.
826 3329 855 3389 p.
865 3311 923 3372 681
934 3310 1003 3372 1119
1014 3312 1078 3390 ipsa
1089 3312 1198 3374 viscera
1214 3313 1312 3392 sepiae

167 3429 230 3472 uon
255 3411 340 3473 aliter
366 3410 575 3472 definientem:
605 3409 637 3469 iu
664 3408 802 3470 mollibus
827 3410 1003 3472 animalibus
1027 3420 1098 3472 ‘esse
1128 3402 1251 3494 μόριόν
1278 3422 1312 3472 το

41 3578 44 3583 ,
166 3505 267 3592 ὑγρὸν
292 3505 341 3571 'de'
368 3503 470 3588 οὗπερ
497 3503 516 3569 d
542 3500 708 3587 στόμαχος
734 3507 820 3586 (gula,
846 3507 1041 3587 ventriculus)
1066 3509 1201 3570 τέταται
1227 3507 1312 3592 πρὸς

167 3604 226 3690 τήν
250 3605 382 3670 κοιλίαν
402 3607 534 3681 (alvum),
556 3605 591 3666 ‘id
612 3605 691 3683 quod
713 3599 808 3684 μύττς
828 3605 928 3666 audiat
942 3607 1020 3685 apud
1036 3606 1196 3686 quosdam3
1223 3615 1313 3688 atque
1415 3614 1418 3618 ’

168 3705 292 3768 eandem
321 3704 423 3766 sedem
453 3702 563 3764 indicat
593 3701 725 3762 scribens
754 3701 860 3780 fragm.
885 3702 946 3764 315
973 3696 1111 3767 Roset²o⁶
1138 3703 1176 3766 δὲ
1201 3702 1315 3788 μήκων

167 3813 274 3866 κεῖται
297 3795 413 3865 ἐπάνω
428 3800 484 3882 τῆς
506 3798 643 3871 κοιλίας.
681 3799 741 3860 lam
756 3800 846 3862 latine
861 3802 933 3880 quid
948 3803 992 3864 vel
1008 3802 1104 3882 aptius
1120 3822 1209 3883 quam
1224 3801 1314 3866 hida?

167 3904 199 3964 ld
222 3909 322 3963 autem
343 3917 390 3960 res
412 3898 532 3960 iubebat
558 3899 619 3959 lere
644 3906 731 3977 poeta
758 3919 774 3960 a
799 3899 903 3979 plurali
929 3901 1066 3964 hillarum
1097 3918 1223 3964 nurnero
1248 3920 1313 3966 ma-

166 3999 285 4062 ioribus*
296 3995 472 4058 animalibus
487 3995 575 4057 unice
590 4003 659 4075 apto
681 4005 716 4059 ut
731 3997 893 4060 abstineret
913 4000 1024 4080 quippe
1046 4019 1114 4061 cum
1135 4001 1172 4061 de
1187 3999 1313 4079 {animali

167 4117 215 4161 res
241 4103 319 4158 esset
344 4095 436 4156 multo
462 4095 641 4175 simpliciore
663 4103 694 4158 et
713 4098 792 4177 quod
811 4117 878 4161 uera
902 4098 1014 4160 viscera
1035 4098 1159 4159 omnino
1181 4116 1242 4160 non
1261 4100 1315 4160 ba·

168 4196 253 4256 beret
272 4195 321 4271 (cf.
337 4194 458 4257 Aristot.
480 4197 583 4275 fragm.
608 4195 743 4274 citatum)
768 4215 866 4278 neque
893 4196 1041 4276 dupbcem
1065 4190 1161 4275 ipsam
1189 4197 1314 4259 vesicam

170 4293 221 4354 sed
247 4293 425 4373 simplicem3
452 4303 635 4376 quapropter
661 4295 696 4356 ad
717 4295 876 4357 Laberium
896 4312 1055 4375 provocare
1082 4295 1152 4355 nolo
1176 4295 1227 4374 qui
1251 4312 1314 4356 nu·
1373 4352 1375 4356 .

113 4425 116 4431 ,
172 4389 287 4453 merum
308 4392 487 4471 singularem
512 4393 670 4474 scripserat
685 4392 770 4454 Ribb.
786 4395 865 4455 Gom.
884 4413 910 4454 v.
929 4393 988 4454 145
1004 4399 1105 4472 (atque
1119 4392 1167 4453 bic
1188 4393 1315 4455 maxime
