2962 5010
660 288 854 348 -6-

187 481 253 525 esse
268 483 356 542 posse
372 462 521 523 docebunt
537 462 777 541 superstitionem
794 469 926 522 nostram
949 481 1025 540 quae
1047 463 1143 523 audit:
1168 464 1327 535 Quarenti-

185 561 243 622 bus
266 561 379 622 minuta
402 569 484 640 paret
508 560 627 621 Veritas.
663 559 782 639 Legitur
809 560 840 619 in
863 559 1031 620 Halieutiois
1052 561 1240 640 participium
1261 566 1327 623 Imi-

185 669 245 720 toto
277 661 314 732 (v.
342 658 430 738 122);
459 658 612 737 participia
641 658 696 718 ista
719 658 870 719 adamabat
892 659 956 737 ipse
980 658 1119 719 Ovidius:
1149 661 1201 720 sed
1224 668 1328 739 poeta-

184 765 283 819 tarum
312 757 378 841 quis
409 756 475 817 talia
505 756 549 816 vel
579 755 687 816 evitare
715 753 855 835 poterat?
887 820 889 826 ,
916 755 1048 816 Conditus
1080 757 1222 836 frequens
1251 760 1327 838 apud

186 855 314 915 eundem
348 856 379 915 iu
410 854 514 934 quiuto
545 853 634 932 pede3
668 872 735 914 ecce
763 853 826 913 Hal.
856 873 883 912 v.
908 853 947 913 73
976 856 1084 914 concito
1107 853 1204 916 adest!
1240 865 1328 936 atque

186 955 274 1016 etIam
302 953 332 1013 iu
356 952 417 1013 Hal.
440 971 465 1011 v.
490 949 530 1011 39
560 955 622 1012 ocri
647 955 769 1012 concitos
795 955 842 1012 tro
868 952 1016 1030 praeclare
1042 953 1186 1014 adsonare
1212 954 1328 1016 videtur

144 1112 156 1122 κ
185 1053 220 1113 ad
243 1051 359 1112 Metam.
388 1051 416 1122 7,
438 1040 520 1110 413εΙ
544 1050 648 1110 rabido
677 1054 727 1129 qui
754 1053 876 1110 concitos
903 1053 951 1109 tro
978 1084 1019 1091 —
1051 1051 1103 1110 sed
1133 1052 1327 1130 Vergilianum

185 1169 238 1212 eur
259 1165 429 1228 comparare
450 1166 511 1208 non
532 1145 604 1208 libet
627 1148 658 1207 Α.
676 1147 723 1218 ΙΧ,
740 1145 817 1207 691ι
846 1151 967 1207 immoni
987 1151 1110 1209 concitus
1132 1147 1204 1210 tro?
1231 1169 1328 1230 neque

185 1236 202 1311 a
224 1266 373 1328 quoquam
397 1247 520 1306 omnino
542 1253 614 1306 tunc
640 1245 688 1305 hic
710 1264 782 1306 usus
809 1245 930 1306 alienus.
977 1246 1060 1320 Quod
1084 1247 1163 1308 idem
1186 1247 1327 1311 nimirum

185 1348 263 1407 valet
285 1348 321 1407 de
345 1349 472 1406 conscios
500 1344 640 1405 adiectiVo
662 1344 692 1425 in
714 1340 817 1423 quinto
839 1345 914 1423 pede
934 1345 1041 1423 posito,
1063 1345 1126 1405 llal.
1151 1346 1201 1416 27,
1224 1345 1274 1407 ubi
1299 1353 1328 1407 et

185 1445 300 1506 dativus
322 1452 352 1504 et
368 1442 514 1521 genitivus
537 1442 696 1520 adponitur
718 1445 811 1503 teretia
841 1442 895 1502 sibi
915 1447 1026 1503 conscio
1048 1447 1128 1522 teret,
1157 1443 1233 1504 siout
1254 1429 1327 1504 l'er-

185 1543 271 1622 gilius
291 1542 448 1619 scripserat
469 1558 548 1601 meru
569 1541 623 1600 sibi
643 1544 753 1600 conscio
774 1543 845 1600 recti
864 1541 935 1599 Aen.
959 1541 981 1610 1,
999 1539 1059 1600 604
1088 1560 1176 1618 quern
1208 1547 1327 1602 secutus

186 1640 308 1700 Ovidius
331 1647 376 1699 est
397 1637 466 1698 lIet.
495 1637 569 1706 VIII,
592 1637 652 1698 531
679 1639 737 1698 dict
757 1639 811 1697 sibi
833 1642 943 1698 coerceo
963 1639 1034 1716 fati:
1068 1637 1147 1698 idem
1170 1639 1207 1698 de
1229 1639 1326 1699 adiec-

184 1738 253 1799 tIvis
281 1739 329 1798 ilis
363 1737 490 1823 clausula
518 1735 653 1795 formatis
683 1736 778 1813 qualia
806 1735 850 1795 bis
883 1735 914 1794 in
937 1734 1107 1796 Halieuticis
1140 1743 1255 1796 exstant
1286 1743 1326 1810 (v.

187 1834 226 1895 72
254 1841 282 1895 et
298 1834 400 1913 4134);
432 1834 510 1894 idem
541 1833 577 1892 de
607 1833 857 1893 substantivorum
886 1843 993 1912 tegmen
1026 1851 1145 1910 oconwrt
1170 1833 1326 1894 similium·

186 1930 353 2012 queturba
376 1932 541 2010 gratISSIma
564 1939 635 1991 tunc
656 1931 745 1991 etiarn
768 1949 874 2008 prosae
897 1931 1040 1992 orationis
1069 1931 1225 2011 plerisque,
1259 1951 1327 1992 cum

185 2031 277 2092 semel
310 2037 424 2092 tantum
457 2029 489 2088 in
523 2028 596 2107 ipsis
637 2028 806 2089 Ilalieuticis
840 2028 878 2088 sit
903 2030 1052 2107 foramina
1084 2033 1153 2090 retis
1185 2029 1223 2107 (v.
1258 2029 1328 2108 28);

186 2129 256 2208 quid
278 2129 335 2188 boc
355 2128 448 2187 valeat
463 2127 575 2187 senties
598 2127 624 2187 si
645 2126 751 2186 Silium
772 2126 880 2186 videris
902 2125 952 2186 ubi
975 2126 1012 2186 ad
1034 2128 1159 2204 piscium
1175 2138 1327 2206 capturam

186 2233 214 2286 et
241 2226 305 2304 lpse
328 2225 479 2286 descendit
502 2225 598 2285 facere
621 2242 684 2284 non
706 2224 838 2301 potuisse
862 2223 934 2302 quIn
956 2223 1100 2285 scriberet
1122 2226 1156 2295 V,
1171 2227 1238 2286 bd:

387 2351 542 2428 (Piscator)
567 2368 735 2430 compressa
758 2352 949 2412 cacumIna
972 2350 1064 2411 nectit

285 2453 326 2513 Ac
348 2451 453 2512 fraude
475 2451 562 2510 artati
584 2438 716 2511 remeare
739 2449 936 2511 foraminis
960 2457 1048 2519 arcet,

250 2541 252 2546 ’
285 2542 422 2611 Ιηῖῐοίω
436 2549 552 2610 facilem
566 2560 662 2627 ‘quem
686 2549 775 2609 traxit
797 2548 833 2608 ab
857 2566 994 2626 aequore,
1021 2548 1141 2626 piscem.

187 2708 283 2779 Quem
296 2713 396 2769 tamen
418 2705 517 2766 Iocum
532 2724 569 2765 ne
586 2703 791 2783 adposuisscm
807 2704 936 2782 quidem,
959 2703 1015 2763 nisi
1040 2703 1127 2763 etiam
1150 2721 1267 2763 versum
1285 2705 1326 2767 45

187 2824 222 2866 ex
246 2803 420 2865 insidiarum
444 2802 623 2865 Hannibalis·
640 2800 838 2880 descriptione
865 2800 1042 2879 quibuscum
1065 2819 1151 2863 nassa
1173 2820 1327 2880 compara-

188 2912 239 2965 tur
262 2903 413 2982 adponere
433 2902 473 2963 ita
497 2902 670 2962 voluissem:

285 3033 323 3095 At
344 3035 450 3096 tu'rba
475 3034 614 3097 umbroso
637 3030 772 3095 servabat
793 3033 904 3095 vertice
926 3033 1038 3094 montis
1116 3008 1119 3012 Δ

189 3148 213 3218 ·,
273 3132 431 3194 ‘Hostilem
456 3134 633 3212 Ingressumj,
657 3133 774 3210 refugos
797 3131 931 3193 habitura
955 3131 1009 3194 sub
1031 3132 1106 3206 ictu3
1171 3174 1174 3180 -
1241 3132 1244 3137 ’

187 3259 373 3361 quamquam·
390 3277 479 3339 Silius
503 3277 678 3338 conlectanti
700 3295 806 3356 parum
828 3276 922 3335 adbuc
943 3275 1099 3352 adparatus
1124 3281 1177 3334 est.
1209 3309 1248 3318 -—
1276 3276 1327 3336 Ni-

186 3377 296 3457 mirum
320 3376 375 3436 hoe
397 3375 545 3454 Zingerlei
566 3374 748 3439 ratiunculae
770 3371 911 3433 evanidae
935 3389 1039 3431 omnes
1063 3379 1093 3430 et
1114 3370 1176 3431 fere
1199 3373 1328 3435 ludicrae

186 3475 364 3549 videbuntur
392 3471 418 3531 ei
442 3471 585 3551 quipost
608 3479 734 3533 mortem
759 3469 843 3530 Ovidi
870 3469 972 3529 fiotum
995 3470 1193 3549 fragmentum
1215 3479 1328 3534 statue-

188 3573 237 3645 rit,
261 3570 341 3631 velut
363 3569 442 3647 quod
465 3568 642 3635 concludere
665 3567 775 3646 aliquid
796 3565 833 3626 ab
863 3585 898 3626 eo
926 3563 1064 3627 Iubemur
1091 3568 1178 3635 etiam
1207 3590 1242 3630 ex
1270 3573 1329 3651 syl-

186 3669 319 3731 labarum
341 3667 398 3728 isto
421 3666 535 3726 sonitu:
562 3652 683 3726 vimine
712 3665 793 3725 vidit
816 3663 855 3741 (r.
881 3664 941 3747 16),
971 3664 1082 3725 vlrtus
1110 3666 1264 3748 viresque
1287 3670 1327 3749 (v.

188 3766 241 3845 76)
264 3764 416 3846 sImilibus,
434 3763 529 3841 (Zing.
553 3782 599 3842 pg.
624 3762 676 3840 34)
708 3762 791 3842 quasi
813 3782 848 3823 ex
870 3762 983 3825 sonivio
1006 3761 1145 3843 tripudio.
1189 3766 1328 3829 Placeant

187 3867 259 3929 haee
281 3860 387 3941 quibus
410 3861 446 3920 de
468 3859 570 3934 Ovidio
594 3859 737 3920 dubitatio
761 3861 895 3921 nondum
919 3866 982 3920 orta
1006 3869 1059 3922 est.
1172 3936 1175 3941 Ι

273 3985 385 4047 Notum
416 3992 462 4047 est
494 3994 527 4046 ut
554 3986 619 4064 ipsa
649 3985 706 4045 vita
732 3985 934 4046 Romanorum
963 3994 1066 4047 ornata
1095 3988 1152 4047 fuit
1179 3986 1326 4064 pictorum

188 4085 431 4162 sculptorumque
453 4084 592 4156 artificiis,
614 4083 654 4144 ite
677 4083 783 4144 animis
812 4092 966 4162 poetarum
993 4086 1064 4144 dum
1092 4083 1223 4144 carmiua
1253 4084 1326 4144 scri-

188 4185 263 4244 bunt
285 4189 433 4243 certarum
454 4184 621 4244 tabularum
645 4189 868 4261 statuarumque
884 4183 993 4244 mitum
1014 4186 1160 4259 quantum
1175 4180 1327 4242 Inhaerere

189 4281 362 4345 memoriani
385 4282 469 4343 cuius
490 4281 611 4359 vestigia
642 4281 756 4342 detecta
779 4282 870 4341 multa
899 4286 979 4348 sunt,
1013 4279 1104 4337 latent
1135 4295 1197 4338 non
1226 4298 1326 4358 pauca.

190 4379 274 4444 Unde
294 4397 357 4441 nou
379 4387 478 4443 ortum
496 4380 629 4459 quidem,
651 4379 705 4441 sed
727 4386 847 4440 auctum
868 4377 1000 4438 studium
1022 4382 1077 4447 est,
1098 4383 1133 4436 ut
1148 4384 1179 4437 et
1192 4376 1327 4439 homiues
