2962 5010
625 284 848 348 ..19-

166 482 255 544 quam
278 459 359 542 parci
381 467 554 523 structores-
567 469 683 522 sunto..
704 460 813 541 ltaque
828 463 913 541 plura
936 460 1064 523 crimina.
1081 461 1224 524 subiciam
1240 471 1305 524 tum

164 563 298 625 eiusdem
332 558 482 639 gravitatis
509 566 573 620 tunt
601 559 728 632 leviora;
758 559 835 623 item
866 578 940 641 quac
973 561 1034 620 tere
1062 561 1213 622 novaverit
1240 579 1305 622 ver-

165 660 209 723 bis
232 659 360 739 scriptor
391 656 564 732 ostendam
596 657 670 719 item
689 657 912 720 vocabulorum.
929 666 1122 738 conspectum
1145 659 1306 720 latinorum

165 758 286 840 quidem
318 755 371 818 sed
404 772 466 817 non
489 753 711 817 Ouidianorum.
755 756 823 819 Non
855 774 949 836 pauca
981 764 1083 819 tamen
1111 757 1153 818 ibi
1184 757 1306 819 demum

166 855 395 934 castigabuntur,
417 853 468 915 nbi
489 855 526 915 ad
550 855 723 934 ampliorem
744 855 1020 935 interpretationem
1041 856 1237 936 procedemus
1257 857 1306 917 in·

165 955 318 1035 quirentes
349 953 501 1033 quodnam
533 953 703 1034 exemplum
740 954 867 1033 scriptor
900 961 1020 1016 secutus
1052 954 1148 1016 fuerit.
1204 953 1307 1034 Neque

165 1053 255 1132 igitur
285 1069 367 1113 nunc
399 1052 545 1114 sententia
578 1051 692 1114 dicatur
725 1054 760 1115 dc
793 1072 819 1114 u.
844 1051 884 1114 32
900 1070 962 1133 sq:
1000 1051 1122 1132 Polypus
1154 1052 1309 1114 boeret’ct

164 1151 217 1213 buc
247 1149 335 1212 eludit
365 1151 438 1211 retia
466 1150 572 1228 froude
600 1150 637 1210 Et
664 1150 716 1211 sud
745 1151 802 1230 leqe
832 1152 887 1213 loci
911 1155 997 1213 sumit
1017 1160 1162 1231 mutatque
1185 1149 1308 1211 colorem

165 1267 255 1329 quem
275 1265 332 1326 ego
354 1247 453 1308 locum
480 1247 590 1328 duplici
612 1249 722 1311 offensa
752 1247 1101 1329 molestumpraeferam
1131 1248 1308 1324 emendare3

164 1347 254 1410 mcuti
286 1346 375 1407 ctiam
396 1344 535 1408 insanum
556 1345 629 1408 illud
657 1349 888 1429 praesidiumque
917 1348 949 1410 in
971 1367 998 1408 v.
1022 1348 1041 1409 8
1071 1346 1307 1412 emendationem

166 1445 258 1525 magis
281 1443 442 1524 postulabit
462 1462 552 1524 quam
575 1444 831 1509 obtrectationem.

251 1548 304 1610 Cui
336 1565 406 1608 vero
439 1565 501 1609 non
534 1548 717 1629 exprimetur
754 1549 927 1612 obtrectatio
970 1548 1136 1609 inauditam
1174 1545 1308 1609 audienti

166 1645 381 1726 neglegentiam
403 1663 461 1726 qna
484 1646 521 1708 de
542 1647 627 1709 leone
648 1667 674 1708 v.
696 1646 737 1708 55
752 1665 798 1728 sq.
821 1647 932 1727 scripta
953 1646 1027 1708 baec
1048 1653 1132 1708 sunt:

266 1767 411 1844 Quoque
432 1765 514 1827 venit
535 1765 630 1828 fidens
653 1767 769 1845 magis
793 1777 822 1829 et
844 1765 988 1828 sublatior
1010 1767 1094 1827 ardet

266 1862 480 1943 Concussitque
500 1870 583 1925 toros
607 1871 637 1926 et
660 1865 770 1928 viribus
792 1864 904 1926 addidit
924 1863 1009 1937 iram,

265 1961 434 2024 Procidit
455 1968 545 2042 atque
567 1979 621 2024 suo
643 1971 783 2043 properat
804 1963 860 2026 sibi
882 1963 990 2024 robore
1011 1962 1114 2026 letum.

166 2080 229 2146 lloc
242 2100 281 2144 ne
297 2080 436 2145 mediocri
451 2082 569 2162 quidem
585 2091 691 2162 poetae
706 2082 789 2144 dabo.
828 2083 926 2145 Scribi
942 2083 1065 2145 debebat
1080 2091 1130 2145 aut
1150 2082 1201 2145 boc
1219 2085 1310 2164 asupio

165 2183 289 2263 procidit
310 2187 362 2243 aut
376 2181 479 2243 saltem
501 2184 591 2260 acopis
608 2181 738 2262 procidit.
772 2182 872 2262 lpsum
884 2183 1008 2260 procidit
1030 2181 1108 2243 enim
1125 2189 1205 2243 recte
1220 2199 1307 2260 repo·

167 2281 227 2342 suit
253 2281 458 2354 Burmannus3
491 2279 606 2340 codices
631 2279 769 2358 prodedt't.
814 2278 855 2342 lta
884 2278 1020 2342 Ovidius:
1055 2278 1120 2351 Quo
1139 2283 1230 2360 moqt's
1257 2278 1311 2340 tlte

167 2382 250 2451 canit,
272 2381 361 2458 mepte
381 2376 431 2438 boc
446 2376 548 2439 tellure
569 2377 658 2439 devoti
669 2378 817 2458 Bm'pimur
831 2376 898 2438 llet.
915 2377 989 2452 xlv,
1006 2376 1081 2448 3023
1106 2375 1169 2448 Quo
1187 2377 1310 2454 sortuou

166 2479 257 2555 tueqic
283 2477 384 2547 suevit,
413 2478 503 2554 mepta
522 2479 580 2554 ipae
608 2479 714 2537 resc'stc's
743 2495 778 2537 ex
802 2475 898 2537 Ponto
920 2475 955 2547 ll,
978 2475 1007 2546 3,
1030 2476 1079 2535 51.
1124 2473 1186 2546 Qut
1205 2485 1310 2554 quanto
1433 2543 1438 2567 ι

166 2584 207 2637 est
229 2573 353 2653 poodem
386 2581 480 2634 terroe
512 2572 627 2635 Pondus
655 2592 745 2654 equae
774 2574 872 2647 bebo,
905 2582 985 2635 teuto
1017 2581 1058 2634 cst
1086 2576 1231 2634 onerosior
1251 2575 1313 2651 aput·

166 2671 358 2742 Met..1‚52.
404 2670 573 2751 mutatoque
598 2671 738 2733 matralia
764 2673 866 2743 cedunt
899 2670 1008 2732 Cuncta
1029 2670 1088 2742 deo,
1117 2679 1195 2732 tecte
1216 2674 1311 2732 mmor

167 2780 206 2832 est
228 2787 287 2849 eqs.
304 2769 371 2829 blot.
387 2767 409 2839 1,
427 2768 499 2830 464.
516 2769 552 2829 cl.
565 2769 632 2830 Met.
646 2769 720 2840 Xlll‚
737 2769 814 2845 365;
835 2769 871 2842 ll,
886 2769 959 2830 722.
985 2769 1028 2830 lta
1043 2767 1187 2847 Vergilius
1203 2767 1308 2846 Geerg.

165 2867 211 2941 lV,
233 2865 312 2929 248:
345 2865 409 2938 Quo
429 2870 528 2947 mepte*
546 2867 702 2929 eobcustoe
722 2868 850 2945 summat,
876 2868 926 2929 doc
949 2870 1045 2928 aerim
1067 2883 1169 2942 'omues
1190 2863 1309 2927 lucum-

167 2965 245 3039 beot3
275 2973 305 3026 et
333 2965 444 3027 ibidem
474 2985 500 3027 v.
523 2966 601 3026 411:
629 2964 687 3028 Sed
709 2977 813 3047 quauta
842 2965 890 3027 ille
912 2969 1024 3045 mopis.
1042 3006 1050 3027 .
1067 3009 1092 3038 .‚
1115 2972 1203 3036 teuto,
1233 2973 1308 3034 oute,

166 3068 256 3143 mepta
279 3082 340 3142 eqs.
363 3071 394 3123 et
415 3063 487 3125 den.
511 3063 568 3131 vll,
593 3062 672 3125 787:
703 3063 774 3126 Tum
800 3066 892 3143 acepit
917 3064 971 3125 illo
996 3064 1198 3143 fremens...
1222 3079 1309 3143 wem

165 3165 256 3244 mepte
360 3179 421 3241 eqs.
465 3160 639 3240 Propertius
661 3161 684 3232 1,
706 3161 736 3232 4,
762 3160 816 3223 15:
852 3159 916 3233 Quo
947 3164 1036 3239 meqt’s
1067 3191 1110 3204 -
1139 3159 1193 3221 tec
1219 3162 1311 3238 mepis

166 3262 203 3324 cf.
227 3261 249 3334 l,
275 3261 324 3332 10,
346 3259 387 3319 27
402 3278 462 3339 sqq
485 3258 701 3338 Lucretiusque
725 3259 756 3329 V,
781 3256 838 3317 621
865 3277 924 3337 sq:
958 3256 1074 3329 Quotuc
1101 3274 1226 3337 quaeque
1247 3275 1312 3321 mo·

164 3363 208 3439 qis
230 3403 279 3432 ..‚
304 3357 395 3421 Teate
412 3375 495 3439 posse
516 3360 612 3420 mrbus
633 3374 695 3437 eqs.

252 3456 468 3519 violentissima
490 3464 520 3517 et
542 3473 612 3518 sanc
627 3454 790 3517 insolenter
812 3452 973 3515 constituta
995 3451 1027 3514 in
1051 3471 1077 3513 v.
1101 3453 1142 3514 46
1164 3450 1274 3514 oratio:

309 3580 433 3643 Anthios
456 3580 502 3643 bis
523 3588 607 3660 terge
629 3599 705 3661 quae
727 3596 789 3642 nen
812 3578 893 3641 videt
913 3578 1009 3641 utitur
1031 3577 1137 3653 armist

169 3707 200 3762 et
227 3701 357 3779 primum
383 3704 505 3784 quidem
534 3723 699 3786 pronomen
726 3704 784 3766 dic
808 3703 896 3765 simul
924 3702 1059 3783 pendens
1087 3700 1311 3764 asubstantiro

168 3801 258 3862 ermis
279 3798 426 3879 simulque
447 3819 552 3881 regens
574 3803 725 3865 relatiuam
755 3801 935 3864 sententiam
965 3819 1036 3884 quae
1058 3817 1118 3862 uota
1138 3800 1213 3861 videt
1234 3798 1312 3860 sicut

168 3897 320 3980 prosaicae
354 3897 498 3960 orationis
535 3910 582 3963 est
623 3900 810 3979 (memoriam
841 3900 948 3962 excitat
984 3898 1061 3959 Celsi
1094 3896 1308 3959 medicinarum

169 3996 221 4059 ubi
252 3995 363 4078 passim
397 3995 542 4076 capitibus
571 3998 758 4061 inscribitur:
790 3997 833 4059 lie
861 3998 908 4059 bis
929 4015 1006 4077 quae
1027 3996 1180 4057 stomacho
1204 3995 1310 4055 idonea

168 4103 256 4170 sunt3
277 4093 320 4156 De
341 4092 388 4155 bis
409 4112 486 4175 quae
507 4094 613 4157 inllant
634 4102 686 4156 aut
707 4111 781 4171 non3
803 4095 844 4156 lle
867 4095 913 4156 bis
930 4112 1005 4173 quac
1022 4111 1091 4156 cum
1107 4092 1229 4153 vnlnere
1245 4091 1310 4150 loco

169 4192 352 4273 moventur),
376 4192 417 4256 ita
438 4200 539 4255 tamen
561 4193 597 4255 ad
618 4200 721 4273 poetas
744 4192 816 4253 illud
839 4191 988 4272 pertinere
1010 4189 1123 4261 dubito,
1147 4188 1202 4249 nisi
1225 4187 1311 4268 qnasi

170 4291 262 4371 digito
289 4310 354 4354 rem
382 4291 540 4354 ostendere
570 4292 713 4354 volentes.
757 4288 818 4351 lam
847 4304 916 4351 vero
942 4290 1000 4349 boc
1021 4287 1104 4349 audi:
1135 4303 1218 4348 mmo
1239 4304 1313 4367 quoe

169 4398 247 4468 terpc
272 4406 332 4452 nuo
356 4391 439 4453 oidet.
483 4390 648 4455 Consutnm
678 4396 726 4450 est
752 4406 788 4450 ex
814 4387 973 4450 structuris
1001 4385 1047 4448 bis
1078 4384 1209 4447 duabus:
1239 4401 1315 4465 quae

1109 4486 1147 4541 2*
