2962 5010
631 313 872 377 -180-

181 511 234 571 pro
257 489 377 570 aquatili
400 489 464 569 ipso
493 490 616 552 calvaria
644 489 791 550 hahentur
820 487 855 551 ab
879 488 1003 569 Apuleio
1025 488 1109 568 Apol.
1126 489 1167 551 34
1195 498 1318 571 suntque

180 608 213 650 ea
247 588 467 650 ostracoderma
500 607 575 669 qnae
609 589 639 651 in
669 596 804 668 poemate
832 596 1000 668 sequuntur
1027 606 1158 668 purpura
1187 587 1320 651 muriculi

180 706 284 749 murex
312 688 412 749 dulces
439 706 560 769 quoque
583 687 688 749 echini.
735 686 775 748 lta
804 686 915 748 scilicet
937 686 1026 748 etiam
1049 705 1103 766 pro
1127 686 1215 749 nucis
1237 696 1320 766 puta·

181 787 259 849 mine
282 787 360 848 calva
383 786 537 849 dicebatur
559 785 694 865 (Petroni
716 784 767 859 66,
791 786 833 862 4),
868 804 965 865 neque
999 803 1060 847 nou
1094 792 1211 847 ostreae
1242 786 1322 849 fuere

179 905 254 966 quae
287 905 379 948 rruces
406 886 543 948 audirent
577 885 621 948 vel
650 881 801 966 βάλανοι.
845 884 906 946 lam
941 903 1010 945 voro
1037 885 1114 964 apud
1138 884 1321 946 Athenaeum

179 983 358 1064 Galliamque
391 985 480 1047 scribi
513 984 611 1046 vidisti
645 982 743 1064 potius
774 974 914 1064 ἄχαρνός
941 983 998 1060 (rel
1029 977 1177 1064 ἀχαρνώς
1201 982 1323 1044 Belrlreri

178 1085 232 1144 An.
248 1102 276 1163 p.
293 1083 364 1157 474,
384 1084 427 1164 1),
450 1084 581 1164 Diphilus
597 1081 744 1144 scribebat
760 1075 905 1163 ἀκαρνὰν
919 1082 1040 1158 lhtheu.
1056 1101 1085 1161 p.
1100 1081 1161 1143 356
1173 1081 1228 1161 B);
1252 1082 1321 1143 item

177 1182 313 1244 Hicesius
338 1188 377 1263 (p.
396 1183 457 1245 327
470 1183 516 1262 D).
560 1180 709 1243 Feminini
732 1200 820 1243 sexus
842 1180 1012 1242 terminatio
1042 1181 1121 1261 apud
1143 1179 1321 1260 Hesychium

178 1298 271 1342 unum
295 1281 436 1359 legimus:
470 1276 605 1363 ἆχάρνα·
629 1267 719 1352 εἶδος
742 1274 874 1357 ἰχθύος
910 1280 958 1341 uhi
981 1280 1140 1359 quominus
1168 1270 1321 1362 ἄχαρνιδς

177 1381 301 1441 interam
325 1389 355 1442 et
378 1381 540 1443 litterarum
569 1379 683 1441 ratione
711 1378 860 1459 impedior
882 1379 1061 1440 allectione
1083 1378 1210 1458 Hesychi
1233 1378 1320 1440 altera

176 1475 311 1561 ἄχερνα·
339 1472 438 1557 ἰχθύς
460 1474 567 1551 ποιός.
606 1478 738 1557 [lenique
762 1477 841 1556 quod
856 1477 932 1556 apud
949 1477 1077 1539 eundern
1092 1486 1138 1538 est
1159 1471 1320 1559 ἀκάρναξ·

175 1573 303 1658 λάβραξ
325 1578 423 1639 nescio
447 1597 519 1640 num
542 1595 617 1639 sono
642 1577 717 1640 male
736 1576 912 1638 adsimulato
935 1585 1032 1636 ortum
1055 1574 1094 1636 sit
1108 1594 1144 1636 ex
1160 1570 1319 1657 ἀκαρνάν

129 1738 136 1747 ,
175 1671 311 1759 λάβραξ.
355 1678 451 1757 mque
474 1693 547 1738 uum
570 1676 627 1737 hoc
647 1676 705 1736 fuit
727 1693 779 1736 cnr
802 1675 832 1735 iu
854 1675 984 1754 catalogo
1007 1674 1098 1736 latino
1121 1684 1152 1735 et
1173 1673 1276 1736 lahrax
1292 1681 1319 1736 et

174 1776 263 1855 lupus
284 1771 615 1855 praetermitterentur?

260 1875 381 1936 Gravius
409 1875 517 1955 opinor
545 1874 603 1935 hoc
629 1890 757 1953 quoque.
804 1871 895 1932 Adest
928 1870 1025 1933 batia
1053 1870 1159 1951 piscis3
1188 1872 1318 1934 eundern

175 1972 287 2034 Plinius
310 1992 345 2034 ex
369 1972 582 2034 medicinarum
612 1971 782 2033 auctoribus
804 1970 930 2050 sumpsit
952 1970 1059 2031 xxxll
1075 1971 1125 2032 77.
1164 1971 1317 2033 Praeterea

173 2088 285 2132 nomen
309 2072 387 2133 istud
410 2089 471 2132 uon
495 2071 553 2133 ridi
575 2070 634 2132 nisi
655 2071 720 2132 loco
743 2070 926 2150 Hesychiano
949 2071 1022 2129 hoc:
1053 2067 1204 2150 βατίδες·
1229 2068 1318 2143 εἶδος

175 2166 294 2247 ἰχθύος
316 2165 438 2231 πλατύ·
473 2167 492 2252 ἢ
520 2171 637 2250 βαιία·
672 2164 826 2249 διαφέρει
856 2166 894 2231 δὲ
920 2169 978 2230 τοῦ
1000 2166 1104 2247 βάτου
1133 2165 1253 2246 ῑχδύιις
1274 2159 1318 2240 ὦς

168 2263 396 2349 Ἀριστοτέλης
419 2276 513 2329 ποιεῖ
536 2262 688 2348 φανερόν.
735 2268 835 2347 ltaque
858 2267 1002 2328 editorem
1028 2267 1152 2346 Hesychi
1175 2267 1317 2328 maiorem

173 2386 241 2428 eum
265 2367 351 2428 laude
374 2384 440 2427 mea
463 2367 558 2428 lacere
581 2383 643 2426 non
666 2385 787 2446 possum
811 2367 883 2446 quin
906 2365 962 2426 hoc
984 2366 1021 2425 de
1043 2365 1108 2426 loco
1123 2365 1222 2444 egisse
1243 2367 1317 2426 levi·

172 2475 219 2527 ter
256 2466 351 2528 dicam
384 2466 473 2528 verba
510 2461 529 2549 ἢ
566 2466 668 2546 βαιία
704 2483 759 2544 pro
795 2465 906 2544 spuriis
940 2474 969 2525 et
1002 2483 1038 2525 ex
1072 2462 1207 2545 βατίδες
1240 2465 1317 2527 uatis

171 2573 336 2626 notantem.

256 2664 381 2725 Restant
403 2663 440 2724 de
462 2663 571 2742 quibus
594 2662 719 2742 Hesychi
746 2681 832 2742 opem
866 2663 975 2725 lrustra
1004 2671 1096 2742 petas,
1141 2663 1232 2725 Soros
1253 2663 1316 2743 pri-

173 2781 254 2824 mum
287 2762 382 2841 possit
402 2762 475 2823 lalso
498 2762 641 2841 scriptum
667 2761 757 2822 videri
780 2780 835 2841 pro
856 2782 960 2843 sporus
982 2763 1025 2824 rel
1048 2764 1074 2825 si
1095 2763 1166 2843 quid
1187 2763 1316 2825 similius

170 2861 351 2935 inveniatur3
383 2860 480 2940 possis
508 2861 597 2922 etiam
626 2859 661 2922 ab
684 2861 748 2923 eius
770 2861 906 2941 partibus
928 2869 1008 2925 stare
1031 2863 1082 2943 qui
1103 2881 1207 2925 sorum
1230 2881 1317 2925 acce·

170 2959 246 3039 perit
276 2978 330 3040 pro
353 2977 457 3034 sauro;
491 2960 569 3039 quod
593 2969 741 3039 quatenus
768 2961 950 3040 probabilius
972 2970 1018 3024 est
1040 2980 1101 3034 non
1129 2963 1195 3024 siue
1216 2957 1316 3042 aliqua

65 3050 68 3054 ’
169 3059 351 3138 neglegentia
372 3059 485 3137 graecis
507 3059 597 3121 latina
619 3058 786 3121 intermista
809 3059 954 3131 dicentur,
977 3060 1032 3141 ipsi
1055 3061 1136 3123 enim
1160 3060 1261 3122 lacerti
1282 3061 1315 3129 in

170 3159 300 3237 catalogo
323 3165 555 3220 antecesserunt.
593 3159 730 3231 Quocum
753 3159 917 3237 comparari
939 3178 1002 3222 non
1023 3160 1132 3239 poterit
1155 3159 1316 3223 mitulus

169 3257 278 3337 quippe
300 3276 315 3318 a
340 3276 398 3338 quo
422 3258 557 3320 diversus
581 3276 658 3337 mys
693 3258 736 3318 vel
770 3258 953 3338 myiscus3
985 3257 1038 3321 sed
1072 3258 1223 3321 veneria
1256 3259 1314 3321 sub

168 3357 256 3417 linem
273 3355 367 3435 posita
384 3356 439 3417 alia
455 3366 543 3437 atque
566 3357 640 3419 otia
663 3374 727 3417 esse
750 3356 796 3417 vix
810 3364 948 3436 poterant
963 3375 1039 3437 quae
1061 3357 1143 3438 ipsae
1164 3355 1314 3420 auriculae

168 3454 288 3516 Veneris
312 3463 382 3515 suut
406 3455 454 3530 (cf.
473 3448 529 3528 οὖς
540 3449 738 3538 Ἀφροδίτης
753 3454 881 3534 Hesychi
896 3463 925 3516 et
940 3456 1048 3517 htbeu.
1064 3474 1094 3535 p.
1111 3454 1151 3516 87
1164 3455 1196 3517 P.
1212 3453 1253 3518 88
1264 3455 1313 3536 Α).

166 3551 241 3613 Item
264 3560 293 3612 et
316 3570 457 3631 porcus
491 3552 523 3614 in
555 3553 650 3614 indice
673 3561 703 3614 et
729 3553 1016 3632 orthagoriscus
1049 3554 1139 3634 positi
1166 3573 1312 3635 cumpro

166 3669 226 3712 uuo
251 3669 300 3712 eos
324 3651 404 3730 pisce
429 3652 540 3713 Plinius
563 3652 626 3732 ipse
642 3651 786 3731 Apionem
811 3661 932 3714 secutus
955 3652 1121 3733 scripsisset
1136 3652 1243 3715 XXXll
1264 3652 1310 3714 19.

166 3750 283 3810 Aduoto
327 3759 426 3812 autem
471 3751 574 3812 adesse
618 3751 648 3811 iu
685 3751 816 3829 catalogo
859 3751 1033 3813 diminutiva
1071 3753 1157 3814 verba
1194 3762 1313 3832 praeter

166 3843 249 3908 ὤνια
281 3847 369 3909 etiam
403 3850 487 3928 plura
516 3848 611 3929 qualia
634 3848 743 3928 volgari
767 3849 891 3912 dialecto
914 3869 1037 3930 graecae
1061 3851 1190 3912 maxime
1211 3853 1312 3932 place·

165 3944 247 4017 baut,
281 3946 360 4007 velut
387 3948 612 4027 coniunguntur
643 3948 821 4026 pectines
849 3950 1068 4029 pectunculi
1100 3949 1241 4030 (κιένιον
1269 3949 1310 4012 ita

165 4062 320 4106 occurrere
342 4063 404 4107 non
427 4046 500 4120 virli3
534 4045 695 4126 Hesychius
718 4047 753 4108 ad
776 4049 872 4121 κιιις·
906 4051 1034 4112 ιιιένιαν
1062 4066 1122 4111 nou
1149 4050 1231 4110 addit
1253 4050 1309 4111 boc

164 4160 229 4204 esse
245 4144 389 4222 aquatile;
410 4145 462 4205 sed
479 4145 516 4207 cl.
533 4143 695 4222 σπόγγος·
719 4132 895 4226 σπονγὶιιν)
918 4148 1097 4229 poniturque
1113 4148 1308 4229 ophidion,

164 4242 286 4320 ponitur
308 4250 426 4321 praeter
441 4245 600 4305 draconem
624 4244 892 4316 dracunculus,
915 4265 983 4309 oum
1001 4242 1196 4331 δρακόντιον
1218 4246 1308 4322 piscis

164 4338 281 4415 ignotus
315 4349 432 4418 praeter
462 4342 668 4422 Hippocratem
693 4343 731 4403 sit
752 4343 777 4403 ll
799 4362 829 4422 p.
846 4344 907 4406 466
921 4345 972 4421 Κ.;
1005 4357 1034 4407 et
1065 4347 1089 4406 is
1118 4347 1237 4425 quidem
1260 4344 1308 4408 hic

163 4454 282 4517 quoque
315 4439 392 4500 sicut
424 4441 456 4500 in
485 4442 581 4502 indice
603 4442 678 4502 Plini
709 4460 776 4502 cum
801 4443 958 4523 scorpione
992 4445 1072 4524 pisce
1105 4446 1305 4525 componitur.
1337 4512 1341 4521 ,
