2962 5010
618 237 865 300 -112-

169 415 271 494 pelago
301 414 502 493 acipenserem
530 422 616 493 poeta
643 412 758 474 dederit
785 413 894 493 quippe
921 432 988 475 cum
1020 413 1215 476 mustelarum
1246 411 1323 475 haec

170 512 283 591 species
299 513 388 574 fuerit
404 513 480 573 siout
495 513 557 592 ipsa
572 512 709 593 squatina
727 512 766 589 (v.
787 510 869 584 123).

254 611 349 690 Atque
374 611 405 671 in
428 611 474 672 his
501 631 577 691 quae
604 611 695 689 magis
722 611 850 690 pretium
875 610 1002 689 piscium
1031 629 1119 690 quam
1146 609 1321 690 captionem

170 718 307 789 spectant
337 710 451 770 diversa
482 711 517 770 ah
549 710 684 790 Oppiano
715 708 800 770 Ovidi
829 709 942 788 species
977 720 1022 770 est
1052 719 1082 771 et
1110 709 1320 789 prosaicorum

170 818 324 870 auctorum
346 809 466 869 lectioni
482 808 601 869 affinior
615 808 706 869 veluti
721 807 809 868 etiam
826 809 904 886 quod
931 808 946 869 1
950 809 1076 870 ahrum
1105 815 1188 870 vocat
1212 812 1322 869 rorum

169 909 287 977 0110,
321 908 418 985 magni
445 908 535 986 pretii
562 908 651 968 etiam
679 907 742 967 aliis
768 907 831 966 eius
857 908 1002 986 temporis
1033 908 1113 969 visus
1142 907 1226 968 faher
1256 917 1320 968 est:

170 1007 279 1087 quippe
310 1007 339 1067 in
370 1006 494 1068 Gadium
527 1006 686 1085 municipio
723 1006 970 1083 generosissimis·
992 1007 1122 1087 piscibus
1151 1007 1235 1068 fabor
1265 1007 1321 1066 ad-

169 1105 383 1166 numerabatur
408 1104 567 1165 Columella
583 1123 645 1184 cap.
665 1103 712 1177 16,
730 1102 748 1161 9
776 1112 806 1164 et
828 1103 923 1164 Plinio
939 1103 1035 1164 11108
1058 1105 1241 1176 auctoribus3
1268 1103 1319 1165 sin

169 1213 269 1266 autem
299 1204 377 1264 idem
408 1198 544 1280 χαλκεύς
573 1209 636 1264 erat
663 1203 855 1275 Graecorum,
886 1203 1016 1264 saxatilis
1045 1203 1146 1264 herbis
1173 1203 1319 1264 adsuetus

170 1303 307 1382 (Oppian.
336 1321 362 1363 v.
390 1301 477 1378 133),
502 1302 651 1363 aGraeois
681 1320 743 1362 non
773 1302 981 1363 inveniebatur
1011 1302 1069 1363 nisi
1086 1301 1180 1382 Cyzici
1196 1302 1318 1369 (Athen.

178 1421 198 1459 t.
215 1400 245 1460 3·
329 1447 336 1459 .

48 1584 52 1588 ἢ
170 1421 179 1479 l
238 1400 399 1560 Ζ1101100110
426 1519 495 1561 vero
523 1500 668 1561 accedunt
700 1500 779 1560 inter
808 1499 934 1560 latinum
965 1507 1083 1579 poetam
1115 1506 1145 1559 et
1173 1517 1315 1578 graecum

170 1599 364 1660 concinentia.
395 1600 437 1659 lta
454 1616 650 1678 mormyres
674 1598 749 1676 (Hal.
770 1597 841 1673 110)
864 1616 940 1677 quos
963 1598 1042 1658 litori
1065 1615 1190 1660 arenoso
1207 1598 1319 1659 addicit

169 1698 321 1776 Oppianus
333 1717 358 1756 v.
374 1697 433 1758 100
447 1697 527 1773 (1000
539 1689 708 1773 αἰγιαλεὺς
723 1688 888 1778 μόρμυρος
900 1696 1107 1757 Archestratus
1120 1697 1195 1775 apud
1207 1697 1317 1769 Athen.

170 1795 287 1875 3131),
309 1801 401 1874 pictae
417 1796 495 1857 visae
512 1796 615 1856 Ovidio
637 1804 717 1867 sunt,
745 1795 881 1873 Oppiano
908 1790 1021 1855 αἰόλαι
1044 1795 1062 1855 1.
1078 1796 1096 1854 l.
1132 1795 1208 1855 ltem
1230 1794 1318 1874 hip-

168 1895 253 1974 puri
280 1894 383 1955 Ovidio
409 1915 435 1955 v.
457 1895 496 1954 05
524 1894 643 1966 celeres,
673 1890 852 1973 ἓσσύμεναι
882 1893 1016 1973 Oppiano
1036 1894 1147 1954 lVAll
1181 1895 1229 1966 (ol.
1252 1891 1314 1952 435

168 1992 294 2068 01431),
311 1994 387 2054 sicut
402 1989 555 2074 ἀρνευῑὴς
572 1994 717 2072 hippurus
734 1993 811 2072 apud
828 1993 1010 2079 Numenium
1029 1993 1179 2054 dicebatur
1195 1993 1250 2070 lrg.
1270 1992 1314 2052 Vl.

169 2094 242 2153 ltem
274 2093 470 2171 erythinus
502 2087 625 2162 ξανθός
656 2090 790 2170 Oppiano
814 2088 892 2163 107,
922 2091 1153 2152 0010100104
1183 2076 1315 2152 cocrrdeo

166 2192 272 2252 rudens
292 2195 323 2251 iu
344 2192 425 2253 uredo
454 2192 484 2251 in
501 2191 608 2272 quibus
625 2193 838 2272 (γερωνυμίαν
862 2199 931 2252 0010
947 2191 1095 2272 praeclare
1118 2184 1314 2253 observatam.

167 2293 199 2351 ln
223 2291 280 2351 alto
305 2292 412 2369 degere
435 2291 602 2370 erythinum
625 2308 693 2350 oum
710 2290 859 2351 Aristoteli
876 2291 1034 2368 placuisset
1050 2289 1146 2351 5981
1166 2288 1213 2362 12,
1233 2290 1315 2350 hono

168 2408 286 2469 quoque
306 2389 452 2451 literalem
467 2388 565 2469 lintius
581 2406 684 2449 arenas
710 2389 913 2450 comedentem
931 2387 1085 2467 Oppianus
1109 2388 1228 2468 scripsit
1242 2387 1261 2448 l.
1279 2388 1313 2448 l.:

168 2489 246 2567 quod
281 2506 350 2549 vero
382 2488 545 2549 caeruleam
570 2489 681 2548 undam
706 2487 793 2548 simul
817 2486 926 2547 latinus
949 2495 1034 2564 poeta
1058 2485 1243 2559 memoravit,
1277 2505 1314 2547 an

167 2588 342 2666 elegantiam
365 2587 492 2664 captavit
515 2586 617 2646 falsam
640 2595 671 2646 et
694 2585 740 2646 sui
763 2584 907 2664 imparem
932 2585 1009 2660 (vide
1031 2603 1060 2664 p.
1085 2582 1139 2664 ll?
1171 2602 1208 2646 an
1231 2586 1313 2646 nasci

167 2687 258 2747 videri
290 2685 332 2746 illi
361 2693 477 2764 poterat
506 2684 586 2745 color
608 2684 759 2745 caeruleus
781 2684 845 2762 ipsa
869 2684 1034 2745 humilitate
1056 2684 1149 2769 litoris
1171 2680 1314 2745 arenosi?

168 2784 324 2845 Nonnullis
358 2791 460 2843 autem
495 2782 599 2844 similis
633 2783 785 2861 erythinus
819 2799 880 2843 non
914 2783 1010 2843 solum
1038 2783 1127 2862 hycae
1154 2792 1185 2843 et
1213 2781 1313 2861 hepati

167 2884 320 2944 videbatur
353 2882 403 2943 sed
438 2880 529 2960 ipsius
562 2882 698 2960 phagri
732 2881 849 2959 (Athen.
872 2900 900 2959 p.
918 2880 979 2942 300
996 2881 1046 2956 Ε);
1080 2882 1137 2942 hoc
1169 2881 1227 2941 fuit
1259 2897 1314 2942 our

166 2981 273 3043 rubere
285 2981 331 3041 vel
341 2981 464 3042 rutilum
475 2999 540 3041 esse
553 2979 676 3042 Ovidius
690 2981 778 3041 etiam
793 2981 937 3059 phagrum
952 2980 1063 3042 diceret
1074 3000 1099 3041 v.
1110 2980 1186 3054 1073
1201 2997 1310 3041 nomen

166 3081 263 3159 ipsum
294 3081 374 3141 enim
398 3099 435 3140 ex
456 3098 594 3158 perverso
609 3080 711 3141 bercer
726 3087 805 3141 recte
821 3089 1026 3141 evocaverunt.
1058 3079 1194 3140 Colorem
1209 3079 1313 3159 phagri

166 3181 241 3259 apud
266 3179 395 3258 reliquos
419 3196 480 3240 non
501 3179 569 3239 vidi.
616 3179 750 3240 Saxatilis
773 3179 804 3238 in
827 3178 997 3238 Halieuticis
1019 3179 1132 3256 graecis
1160 3185 1203 3239 est
1234 3180 1314 3239 inter

166 3288 279 3340 ostreas
302 3279 402 3339 vivens
418 3278 431 3338 l
449 3279 507 3338 140
532 3278 580 3354 (de
604 3297 662 3358 quo
686 3278 802 3357 egregie
825 3278 965 3338 convenil
987 3279 1067 3339 inter
1090 3278 1259 3357 Oppianum
1281 3285 1313 3337 et
1368 3263 1372 3269 ’

166 3377 346 3438 Numenium
362 3378 416 3456 frg.
433 3377 519 3453 xvi),
536 3373 794 3459 ἓπαμφοτερίζει
812 3376 886 3455 apud
903 3376 1095 3438 Aristotelem
1109 3375 1172 3436 508
1187 3377 1212 3437 A
1228 3375 1276 3436 13.

250 3478 344 3537 Porro
372 3495 534 3555 congrus
562 3476 714 3555 Oppianus
741 3476 773 3535 in
802 3476 903 3554 pelago
929 3473 1061 3536 hahitare
1089 3474 1192 3535 scribit
1216 3473 1312 3534 vicino

165 3576 293 3637 maxime
321 3576 405 3637 ostiis
432 3576 588 3636 fluviorum
611 3573 710 3645 1113,
738 3573 910 3634 Aristoteles
931 3593 959 3652 p.
977 3572 1038 3634 598
1052 3574 1076 3634 A
1090 3574 1126 3632 13
1139 3593 1204 3652 sqq.
1228 3572 1312 3634 albos

165 3686 285 3737 enatare
309 3677 339 3737 in
362 3676 492 3756 pelagus,
516 3675 617 3751 nigros
633 3673 668 3733 ad
691 3672 813 3733 llumina
829 3672 970 3733 habitare.
1008 3672 1188 3733 Ennntiatur
1210 3680 1310 3733 autem

165 3778 201 3837 de
223 3776 258 3838 iis
280 3776 311 3836 in
333 3776 477 3856 poematis
499 3773 595 3835 nostri
611 3791 635 3832 v.
657 3772 731 3832 115:

263 3875 439 3954 Inmitisqoe
463 3891 533 3935 suae
556 3890 663 3950 conger
685 3889 738 3950 per
761 3871 882 3932 vulnera
905 3869 1011 3948 gentis,

164 3993 238 4054 quae
276 3974 379 4034 notitia
417 3973 493 4051 apud
533 3972 703 4051 Oppianum
741 3988 802 4030 non
840 3969 924 4030 obvia
960 3967 1109 4030 Aristoteli
1148 3966 1311 4029 debehatur

162 4093 191 4154 p.
208 4073 268 4135 501
287 4075 309 4133 A
329 4072 382 4133 18:
420 4065 690 4153 ἀλληλοφαγοῦσι
725 4065 763 4130 δὲ
789 4064 911 4140 πάντες
936 4064 997 4146 μὲν
1025 4064 1113 4148 πλὴν
1139 4067 1309 4147 κεστρέως,

163 4170 310 4252 μάλιστα
347 4165 379 4232 δ’
418 4166 451 4232 oi
488 4166 637 4251 γόγγροι;
674 4167 786 4228 scilicet
823 4169 912 4228 etiam
949 4172 1054 4227 nostro
1087 4173 1225 4244 tempore
1257 4163 1309 4243 qui

163 4272 199 4330 de
225 4280 331 4332 natura
364 4277 454 4348 agunt
477 4269 647 4330 animalium
682 4269 718 4328 de
752 4267 843 4328 hestia
877 4267 931 4328 ista
954 4267 1050 4326 voraci
1083 4265 1207 4325 immani
1231 4271 1309 4324 vasta

165 4361 235 4447 (ἐπ’
284 4367 379 4429 ἐννέα
425 4377 514 4428 κεῖτο
562 4361 758 4446 τραπέζαςέ)
807 4364 912 4425 similia
958 4364 1143 4426 fabulantur:
1187 4380 1310 4442 parcere
