2962 5010
613 292 853 356 -140-

169 495 172 500 ·
268 489 358 550 quare
395 470 509 532 nullum
545 470 615 532 facit
651 470 755 531 nidum
779 468 909 550 *alioqui
942 469 1309 548 trepidumanimat.

268 569 403 632 Educet
426 587 493 648 ergo
516 568 707 632 subditum·
726 570 889 631 adulterata
911 568 987 631 leta
1008 567 1107 639 nido,

167 701 255 763 habet
265 701 439 763 Aristotcles
451 699 481 762 in
493 720 522 780 p.
535 699 629 763 618n
642 700 698 762 25:
716 697 808 762 δοκεῖ
820 693 853 761 δ’
866 689 884 760 ὅ
897 697 1014 771 κόκκυξ
1025 695 1186 782 φρόνιμον
1198 704 1311 759 ποιεί-

167 798 327 882 asarela
344 801 512 862 τέκνωσιν.
542 796 600 861 διὰ
621 796 683 880 γὰρ
706 797 743 861 τὸ
768 795 1002 861 συνειδέναι
1026 793 1114 880 αὐτῷ
1138 795 1198 880 τὴν
1223 793 1311 858 δει-

167 894 258 962 λίαν
286 896 343 961 καί
372 892 424 961 ὅτι
454 893 511 960 οὐκ
541 893 582 961 ἄν
611 893 745 960 δυ’ναιτο
775 896 961 980 βοηθῆσαι,
992 895 1051 959 διὰ
1075 893 1173 958 τοῦτο
1200 887 1310 976 ὥςπερ

166 992 497 1079 ὑποβολιμαίους
519 1003 614 1058 ποιεί
628 992 704 1070 τούς
726 993 844 1058 ἑαυτοῦ
857 993 1007 1070 νεοττοὺς
1030 999 1094 1058 tua
1110 991 1309 1069 σωθῶσιν.

166 1090 233 1177 τήν
261 1092 323 1179 γὰρ
353 1093 510 1157 δειλίαν
539 1089 741 1176 ὑπερβάλλει
770 1093 866 1158 τοῦτο
891 1092 928 1157 τὸ
955 1090 1079 1176 ὄρνεον·
1119 1089 1309 1154 τίλλεται

165 1193 236 1275 γὰρ
262 1185 339 1256 ὑπὸ
365 1193 439 1257 τῶν
464 1193 611 1276 μικρῶν
637 1189 783 1275 ὄρνεον
809 1192 871 1255 καί
888 1190 1003 1276 φεύγει
1029 1186 1120 1256 αὗταί.
1152 1183 1230 1253 Εῑκ.
1250 1188 1308 1250 12:

166 1285 321 1355 dtt'tv
350 1285 394 1354 οὗ
419 1289 465 1356 ἂν
489 1287 577 1374 τέκῃ
604 1291 764 1372 νεοττιᾷ
788 1283 1309 1375 οὖτοςίὸρνιςέκκολάπτει

166 1389 238 1452 καὶ
267 1392 412 1474 τρέφει.
447 1391 532 1471 Apud
548 1391 675 1453 Plinium
699 1392 768 1472 quia
789 1391 903 1454 etiamsi
931 1401 958 1453 et
979 1391 1088 1472 alioqui
1106 1389 1215 1450 inieras
1237 1400 1309 1448 sen-

166 1509 217 1551 sus
232 1508 336 1569 parum
352 1491 477 1564 iuvatur,
494 1509 655 1570 sequamur
665 1490 850 1554 Aristotelem
866 1490 928 1552 fere
942 1489 983 1551 ita
995 1489 1096 1551 velim:
1112 1487 1187 1549 Adeo
1203 1489 1307 1568 quippe

166 1590 306 1668 trepidum
339 1589 455 1651 οιιιίυοί.
500 1589 593 1650 Pcrrc
627 1589 663 1650 iis
697 1608 773 1670 quae
807 1594 968 1668 supersunt
999 1586 1152 1650 fabula'tit
1173 1584 1309 1648 doctrina

166 1687 347 1749 Aristotelis:
834 1702 837 1709 ·
1082 1686 1084 1691 ’

268 1800 317 1861 llle
338 1800 440 1862 avidus
464 1820 499 1862 ex
520 1809 626 1863 natura
660 1800 839 1882 praeripit
864 1802 966 1864 cibes
996 1796 1227 1880 reliquis'pullis'
1250 1796 1308 1858 ita-

266 1919 324 1978 que
345 1899 512 1978 pinguescit
534 1907 564 1961 et
586 1898 730 1961 nitidus
751 1899 791 1961 in
825 1920 862 1962 se
895 1896 1082 1962 nutricem
1106 1894 1307 1970 convertit3

265 1998 330 2060 illa
363 1999 500 2077 gaudet
532 1999 610 2060 eius
644 1999 764 2078 specie
799 1999 981 2080 miraturque
1013 2017 1078 2060 sese
1111 1997 1205 2076 ipsam
1227 1993 1307 2074 qued

265 2097 352 2159 talem
367 2099 524 2178 pepererit.
563 2098 656 2160 Sues
677 2099 899 2179 comparatione
920 2099 982 2160 eius
999 2097 1119 2160 damnat
1140 2103 1175 2157 ut
1195 2093 1307 2156 alienus

265 2194 469 2276 absumique
492 2197 581 2258 etiam
603 2215 635 2257 se
657 2196 845 2275 inspectante
867 2197 1010 2276 patitur
1038 2196 1157 2256 'donee
1187 2191 1325 2274 corr-is

265 2292 342 2371 piat
364 2293 483 2372 ipsam
504 2311 623 2374 quoque
644 2294 702 2354 iam
726 2295 840 2356 volandi
862 2304 978 2375 petens.

166 2417 335 2480 Aristoteles
360 2418 439 2480 enim
461 2419 554 2482 varias
577 2437 756 2502 componere
777 2412 940 2483 sententias
963 2419 1033 2482 satis
1055 2418 1144 2480 habet
1163 2436 1193 2499 p.
1210 2415 1305 2501 6183n

169 2514 206 2578 1‘3
213 2535 292 2598 sqq.:
315 2519 415 2580 aut'ab
431 2538 483 2597 ave
495 2505 665 2600 feta'pullcs
680 2540 750 2582 suos
766 2520 820 2583 eici
834 2522 879 2583 vel
894 2520 1026 2584 interfici,
1037 2510 1146 2601 qulppe
1162 2515 1255 2598 magis
1271 2535 1306 2578 ee

166 2617 311 2696 gaudente
345 2619 440 2681 cuculi
473 2620 584 2700 specie,
618 2627 669 2681 aut
690 2641 706 2681 a
727 2621 848 2703 parvulo
872 2610 976 2683 cuculo
1010 2619 1138 2682 aviculae
1171 2616 1307 2680 devorari

167 2716 275 2797 pullos,
291 2725 343 2799 aut
356 2717 456 2801 petius
472 2719 570 2781 cibum
587 2718 769 2801 praeripifab
784 2740 818 2783 ec
833 2721 871 2784 ita
889 2729 921 2783 ut
935 2724 1013 2783 lame
1028 2718 1133 2800 'reliqui
1148 2708 1306 2802 intereant.

166 2815 202 2876 nt
226 2835 296 2898 ¹veru
314 2836 384 2879 voce
406 2810 560 2899 pinpucscit
575 2818 702 2903 scriptur
724 2819 831 2882 latinus
847 2821 883 2882 ad
900 2804 1064 2881 Aristotelis
1084 2817 1184 2879 locum
1206 2806 1308 2897 rever·

166 2913 240 2975 titu'r
254 2915 394 2994 priorem,
410 2914 460 2979 ubi
475 2925 519 2979 est
531 2937 559 2997 p.
573 2916 665 2980 563Α
680 2917 713 2980 3:
725 2917 905 3000 ’γίνεταιδέ
920 2919 1019 2989 πίων,
1031 2917 1165 2999 ¹itemque
1182 2934 1217 2976 ea
1229 2912 1307 2976 Plini

166 3015 312 3076 sententia
346 3034 402 3096 qua
427 3017 463 3077 de
485 3017 589 3078 cuculo
613 3017 772 3098 disputatio
800 3017 964 3080 clauditur:
999 3014 1082 3078 ιιιιίίο
1111 3024 1177 3075 tuac
1207 3010 1306 3075 aetum

165 3117 304 3176 suavitate
326 3117 422 3176 caruis
442 3124 625 3194 comparatur
643 3116 694 3189 illi,
716 3117 796 3179 idem
819 3117 876 3178 iste
899 3115 980 3177 locus
1001 3113 1146 3194 repetitur
1169 3111 1219 3192 qui
1243 3117 1305 3172 est:

164 3212 290 3289 γίνεται
314 3210 352 3274 δὲ
378 3213 538 3275 πίωνκαί
563 3204 767 3297 ἧδύκρεως
789 3210 891 3277 κατὰ
912 3213 1051 3276 τοῦτον
1071 3210 1136 3274 τὸν
1162 3207 1306 3292 καιρὸν

164 3305 352 3393 μάλιστα.
390 3310 444 3374 Ars
461 3319 569 3392 aperta,
592 3321 727 3392 apertum
750 3314 880 3376 studium
903 3298 1063 3393 elegantiae
1084 3330 1144 3392 quc
1159 3309 1191 3372 in
1206 3315 1304 3371 artum

165 3410 284 3471 collecta
306 3409 471 3473 Aristotelis
494 3411 642 3474 volumina
664 3413 733 3474 sint.
1157 3432 1160 3437 ·

249 3509 441 3571 Examinetur
474 3510 606 3572 eiusdem
630 3511 705 3574 Plini
739 3511 813 3574 libri·
829 3511 919 3574 etiam
943 3508 1034 3586 532:
1071 3507 1159 3570 Cerci
1183 3511 1306 3589 partum

165 3627 229 3670 cum
257 3609 414 3690 plurimum
439 3613 553 3690 ρνίυοες
587 3611 757 3673 Aristoteles
780 3609 1057 3691 persertim:
1090 3609 1192 3670 τίκτει
1222 3601 1255 3669 δ’
1286 3600 1305 3670 οι

165 3704 266 3791 κόραξ
290 3705 347 3769 καί
371 3708 509 3791 τέτταρα
535 3708 592 3770 καὶ
618 3711 726 3772 πέντε.
770 3709 881 3770 Deinde
903 3726 988 3772 vero:
1057 3742 1060 3747 ·

265 3843 696 3915 creecsparereaut
723 3831 1304 3914 ccirevulgusarbitratur

264 3932 454 4013 ideoque
506 3930 713 4014 gravidas
767 3935 803 3996 si
853 3934 1033 3997 ederint
1075 3935 1303 3997 corvinum

265 4049 384 4094 evum
420 4050 495 4114 per
531 4051 574 4093 us
610 4025 782 4113 partum
814 4033 1001 4096 reddere
1034 4041 1121 4115 atque
1147 4032 1178 4096 in
1205 4039 1302 4096 tetum

265 4130 423 4194 difficulter
444 4149 546 4213 parere
568 4129 593 4192 si
616 4139 694 4194 tecto
716 4132 896 4208 interantur3
929 4132 1206 4196 Aristoteles
1229 4152 1303 4196 ne·

177 4264 180 4271 ·
264 4240 352 4312 gat:
387 4250 470 4295 nun
502 4232 685 4295 hercule
714 4233 849 4314 magis
881 4252 998 4315 quam
1033 4233 1075 4294 in
1107 4234 1302 4315 Aegypto

263 4331 1301 4414 ibim3sedillamexcsculaticnemquaesaepe

264 4431 470 4494 cernitur
502 4434 671 4513 qualem
703 4432 735 4494 in
768 4430 984 4497 columbis
1018 4449 1129 4504 esse,
