2962 5010
613 233 939 316 -naa-÷.

168 409 316 494 λολόνθη
337 409 393 474 καὶ
415 406 515 494 σφήξ·
545 406 601 472 καὶ
630 404 729 472 ταύτὸ
757 399 796 470 ’δὲ
816 409 909 486 γένος
938 405 1027 472 ἐστὶ
1047 405 1122 477 ,καὶ
1151 427 1313 491 sarapro-v

167 509 237 574 τὸν
273 509 339 576 καὶ
369 506 546 591 diacanos
575 504 664 571 οἷον
693 499 897 591 μύρμηκος
927 506 1010 570 εἰσι
1033 527 1095 588 eqs.
1140 507 1212 569 Vide
1242 507 1313 569 lati-

168 629 242 674 num
264 610 439 691 scriptorem
463 616 492 673 et
515 608 675 688 parciorem
699 615 729 677 st
758 617 856 671 tamon
879 607 952 671 adeo
981 615 1059 671 certe
1087 623 1190 687 graeco
1219 605 1313 669 obse-

168 716 309 790 quentem
332 716 366 773 ut
386 725 439 788 pro
460 718 494 771 nt
515 711 576 770 iuri
600 707 757 777 restituere
783 707 870 787 plane
892 705 995 769 liceat:
1024 715 1057 769 ut
1078 705 1140 766 tuli.
1183 704 1215 766 ld
1240 723 1312 769 vero

167 808 322 873 temerarie
354 800 438 877 lecit,
472 805 552 885 qnod
586 806 672 867 etiam
706 805 864 885 pedibus
893 822 992 869 carere
1013 804 1091 870 iulos
1112 803 1202 873 dixit:
1237 808 1313 865 sunt

168 907 249 971 enim
272 906 371 988 potius
392 905 570 984 multipedes
595 906 642 980 (cf.
658 905 780 973 Aristot.
796 923 825 984 p.
842 902 935 967 6821}
951 903 991 980 3).
1016 905 1089 969 lam
1113 910 1196 966 tenes
1219 903 1312 984 igitur

60 1062 65 1077 ,
166 1005 292 1069 Romani
325 1003 477 1084 scriptoris
506 1002 622 1075 *indocti
654 1003 913 1083 interpolationem
935 1002 1025 1067 talem
1048 1021 1123 1083 quac
1145 1001 1311 1066 absurdum

165 1105 237 1168 illud
260 1102 429 1184 quidusdam
450 1112 549 1167 tornae
570 1103 648 1183 apud
669 1103 797 1170 Plinium
819 1101 859 1172 IX
875 1100 915 1162 73
931 1100 981 1179 tal.
995 1102 1083 1163 Arist.
1099 1121 1127 1182 p.
1144 1099 1236 1167 489Β
1253 1099 1311 1182 24)

166 1211 247 1265 recte
268 1203 344 1269 tradi
367 1201 545 1283 persuadeat
566 1202 646 1282 quod
668 1201 762 1263 eicere
782 1201 852 1263 indo
874 1200 910 1263 ah
932 1200 1082 1267 Hardnino
1104 1199 1236 1265 invaluit

251 1300 388 1368 Irasceris
410 1301 490 1381 quod
512 1301 648 1362 licentius
673 1300 718 1361 vel
740 1317 847 1380 parum
880 1301 967 1370 docte
999 1301 1053 1363 has
1085 1317 1133 1363 res
1166 1305 1310 1363 tractasse

167 1402 298 1480 Trogum
315 1400 491 1480 Pompeium
506 1435 546 1444 -
563 1401 651 1462 modo
672 1418 711 1461 ne
733 1399 788 1464 ista
810 1399 847 1461 do
869 1417 924 1461 suo
940 1398 1051 1463 Plinius
1073 1398 1164 1461 luerit
1184 1397 1236 1478 qui
1258 1397 1309 1461 in-

165 1500 259 1564 iceret
280 1533 319 1543 —
342 1498 535 1579 arguerimus.
574 1500 687 1567 Tamen
709 1498 817 1565 erroris
839 1497 993 1572 cuiusdam
1015 1516 1103 1578 mem
1125 1496 1312 1563 commiserit

167 1599 281 1678 Trogus
307 1598 377 1663 satis
405 1598 521 1663 ridiculi
548 1599 631 1663 tastis
652 1598 767 1667 Plinius
795 1597 912 1672 videtur
934 1596 986 1659 Xll
1002 1597 1031 1668 7,
1060 1596 1204 1676 siquidem
1228 1597 1311 1660 hunc

167 1715 285 1779 quoque
307 1697 405 1764 locum
428 1717 464 1765 cs
487 1698 584 1778 luogo
605 1698 726 1764 lluxisso
747 1696 908 1778 plausibilis
931 1696 1116 1759 Gutschmidi
1136 1695 1310 1759 coniectura

167 1808 222 1860 est.
261 1797 457 1878 Summopsre
478 1805 580 1861 tamen
602 1796 797 1877 improbabile
818 1797 885 1859 dico
907 1797 986 1878 quod
1002 1797 1106 1862 doctus
1121 1795 1199 1865 idem
1223 1811 1310 1859 erro-

166 1897 207 1960 ris
229 1895 352 1962 crimina
373 1896 502 1977 Trogum
524 1895 701 1963 liberaturus
722 1897 755 1958 in
776 1896 924 1959 sententia
946 1895 1017 1958 hac:
1082 1918 1085 1921 ‘

266 2022 423 2102 Dionysius
445 2021 527 2103 prior
541 2020 656 2084 Siciliae
671 2030 813 2102 tyrannus
836 2021 959 2101 Regium
981 2022 1013 2082 in
1033 2021 1139 2083 urbem
1155 2018 1311 2080 transtulit

268 2139 315 2182 eas
338 2120 369 2199 (i.
393 2140 415 2182 e.
440 2120 585 2199 platanos)
608 2121 715 2183 domus
738 2139 809 2183 suae
831 2120 1020 2194 miraculum,
1047 2117 1099 2181 ubi
1120 2127 1224 2199 postea
1245 2121 1309 2180 lacn

267 2228 333 2280 tum
355 2219 556 2298 gymnasium3
590 2237 646 2280 nec
677 2219 811 2299 potuisse
842 2220 874 2281 in
900 2218 1126 2299 amplitudinem
1148 2234 1310 2296 augescere

268 2326 321 2379 aut
342 2317 416 2379 alias
434 2317 528 2379 fuisse
550 2317 581 2379 in
596 2318 678 2379 ltalia
699 2336 734 2379 ac
749 2317 927 2381 nominatim
941 2317 1080 2399 Hispania
1103 2316 1180 2396 apud
1202 2323 1311 2377 auom«

267 2435 315 2479 res
338 2415 490 2478 invenitur

168 2573 221 2635 pro
243 2555 384 2643 Hesponio
406 2556 481 2625 male
510 2572 582 2616 sano
604 2572 665 2625 non
692 2554 898 2637 Theophrasto
926 2555 1001 2616 duce
1028 2553 1170 2636 scriptum
1192 2555 1310 2639 spanias

168 2654 261 2716 luisse
275 2653 411 2734 sumpsit,
427 2653 478 2714 sed
497 2651 665 2733 Cispadane.
696 2653 803 2714 Parum
821 2672 867 2714 me
883 2652 908 2714 si
923 2653 1006 2715 audis
1022 2651 1160 2713 feliciter:
1177 2670 1215 2714 an
1230 2653 1309 2715 forte

168 2752 248 2814 ltalia
270 2752 368 2814 minus
391 2765 525 2813 nomen
550 2759 594 2812 est
616 2769 705 2830 quam
728 2748 925 2833 Cispadane?
941 2760 1029 2832 atque
1051 2768 1123 2812 num
1147 2749 1308 2830 quidquam

168 2851 292 2930 aliquo
326 2852 407 2912 loco
437 2850 660 2912 nominatim
691 2870 772 2913 esse
793 2851 881 2914 latine
904 2851 959 2913 dici
982 2851 1022 2915 ita
1045 2849 1161 2929 poterit,
1191 2859 1225 2911 ut
1247 2867 1308 2910 non

168 2949 260 3029 ipsios
282 2949 337 3020 roi,
363 2947 415 3010 sed
437 2949 493 3011 loci
516 2966 628 3011 nomon
649 2947 861 3030 promittatur?
905 2949 984 3011 Nihil
1005 2955 1105 3013 autem
1126 2948 1217 3027 magis
1239 2965 1309 3028 pcr-

167 3047 304 3128 spicuum
318 3065 407 3127 quam
422 3056 597 3127 corruptum
612 3058 664 3110 out
678 3068 743 3111 esso
758 3048 837 3128 quod
851 3047 960 3120 anteit,
979 3046 1077 3126 itaque
1092 3047 1183 3111 simul
1196 3047 1222 3111 si
1237 3067 1308 3110 sen-

168 3147 242 3208 seris
258 3165 345 3227 quam
357 3165 447 3226 prave
463 3154 492 3208 et
506 3151 539 3209 in
554 3147 769 3227 ompldodinem
783 3164 932 3228 augescere
947 3155 979 3209 et
992 3147 1066 3211 elius
1077 3147 1166 3226 sehse
1179 3151 1210 3208 in
1221 3144 1308 3209 ltalia

167 3246 313 3309 sententia
349 3263 407 3307 una
436 3245 693 3326 constringantur,
731 3263 791 3309 non
823 3245 935 3324 potoris
960 3263 1023 3309 non
1063 3245 1103 3307 ita
1140 3264 1307 3310 sermonem

168 3346 358 3424 distringere:
396 3363 447 3407 nec
472 3349 597 3425 permira
630 3349 662 3406 in
690 3345 904 3424 amplitudinem
933 3362 1081 3424 oupmcere
1110 3347 1206 3421 cisun
1235 3344 1309 3406 olias

167 3445 258 3524 sehse
285 3447 316 3506 in
344 3442 431 3504 ltalia
460 3463 493 3504 uc
521 3447 692 3505 nominatim
727 3447 842 3524 mantas
875 3443 952 3523 opud
987 3455 1117 3510 coctores
1151 3446 1308 3507 inuenitur.

169 3541 318 3622 Scriptum
342 3551 387 3602 est
409 3542 490 3603 enim
513 3542 590 3624 apud
612 3541 848 3622 Theophrastum
873 3541 909 3602 lll
925 3543 955 3617 5,
970 3542 1006 3604 6:
1030 3540 1066 3606 ἐν
1091 3539 1151 3625 μὲν
1178 3538 1239 3624 γὰρ
1262 3539 1308 3624 api

163 3635 280 3723 Ἁδρίᾳ
303 3635 512 3724 πλάτανον
533 3637 721 3723 οὔφασιν
744 3639 830 3702 εἶναι
853 3637 940 3724 πλὴν
963 3639 1040 3722 περὶ
1062 3637 1099 3702 cd
1117 3635 1308 3727 Διομήδους

169 3729 274 3827 ἱερόν·
306 3741 490 3805 coortas
519 3733 557 3801 δὲ
586 3736 641 3803 καὶ
663 3735 707 3800 ’ἐν
734 3725 857 3818 Ἰταλίᾳ
887 3735 979 3823 πάσῃ
1003 3759 1062 3823 eqs

253 3838 346 3901 Porro
369 3846 580 3923 comparentur
600 3837 679 3900 inter
694 3856 725 3898 se
740 3837 816 3899 Plini
840 3838 922 3900 xne
946 3847 975 3900 et
990 3832 1155 3900 Aristotelis
1169 3856 1198 3919 p.
1216 3834 1308 3899 5638

171 3937 298 4018 lhsqq.:

168 4072 257 4143 odo
287 4071 433 4148 κόκκυξ
460 4072 626 4154 λέγεται
651 4073 724 4158 μὲν
752 4076 891 4156 Coccpx
933 4074 1081 4138 videtur
1124 4093 1163 4139 ex
1207 4073 1308 4140 acci-

168 4169 726 4257 drrderroror‘cpscadoidisrd}
751 4177 848 4257 pitre
890 4175 991 4247 lieri,
1032 4182 1199 4255 tempore
1235 4172 1309 4239 anni

170 4272 329 4359 ἱέρακος
358 4272 430 4338 διὰ
458 4274 499 4338 rd
528 4269 724 4358 ἅφονίζο-
752 4270 1308 4354 (eadcmvoxilltunxuuneforte

170 4376 274 4461 odor
290 4373 358 4436 adr
373 4369 724 4457 ἱέρακαπορὶτοῦ-
752 4385 877 4455 tempore
899 4373 1021 4438 numdi
1040 4370 1183 4452 modu)
1207 4370 1307 4451 ligu-
