2962 5010
612 300 849 365 -139—

164 497 232 539 τον
268 477 337 540 τὸν
371 471 516 559 χρόνον
550 469 576 560 ᾦ
606 471 721 560 ὅμοιός
748 495 819 538 rum
844 484 987 539 mutans
1016 477 1188 557 quoniam
1215 485 1303 539 tunc

166 574 273 636 ἐστιν·
309 573 427 654 σχεδὸν
454 574 491 639 dd
526 573 595 636 καὶ
630 573 721 648 τους
749 582 818 637 ndu
851 575 1198 657 apperentreliqui
1230 576 1302 636 nisi

166 668 311 746 ἄλλους
342 669 473 757 ἱέρακας
503 666 572 739 οὐκ
608 672 720 738 ἔστιν
747 675 1223 757 perquampaucisuieuus.
1238 674 1303 736 Est

168 770 278 835 idcir
306 767 361 835 ὅτε
386 771 512 839 θᾶττον
537 776 720 858 φθέγγεται
747 783 866 839 autem
895 793 1014 863 neque
1042 773 1199 837 aduncis
1232 792 1302 835 un-

166 863 447 954 ὁκόκκυξ,ιτλη“ν
467 867 606 950 ὀλίγας
626 867 721 957 iud·
747 872 885 951 guibus
918 875 1000 939 solus
1033 873 1202 954 accipitrum
1236 890 1304 933 nec

166 989 250 1049 ρας·
271 964 291 1033 ὁ
309 967 346 1032 di
361 961 479 1042 κόκκυξ
493 970 648 1052 ’φαίνεται
663 964 726 1051 ἐπ’1
748 971 877 1053 capite
909 972 1043 1037 similis
1074 972 1154 1034 illis
1184 989 1303 1050 neque

167 1063 279 1144 ὀλίγον
300 1063 418 1152 χρόνον
437 1069 495 1137 τοῦ
510 1071 644 1153 θέρους,
663 1066 722 1132 τον
748 1070 822 1131 ulio
845 1091 947 1152 quam
964 1071 1103 1142 colore,
1118 1067 1229 1133 *accitu
1244 1089 1304 1131 ce-

166 1165 204 1231 di
227 1167 370 1248 χειμῶνα
397 1162 604 1250 ἀφανίζεται.
635 1164 721 1231 ἔστι
748 1168 863 1237 lumbi
890 1170 1019 1251 potius
1050 1168 1145 1251 (anne
1162 1178 1304 1230 caeterum

166 1259 200 1325 δ’
221 1260 238 1327 ὁ
259 1263 319 1345 μὲν
335 1260 426 1348 ἱέραξ
445 1260 682 1348 γαμψώνυχος,
703 1260 721 1329 e‘
748 1268 882 1333 columbis
899 1272 993 1351 petius
1006 1268 1163 1351 legendum
1178 1262 1303 1343 diccs‘l).

166 1357 423 1435 δὲκόκκυξοῦ
437 1359 721 1453 γαμψώνυχος·

166 1456 375 1527 ε”τιδὲοὖδὲ
399 1461 722 1546 τὰπερὶτὴνκε-

104 1643 106 1647 .
166 1555 722 1643 φαλὴνέοικενὶέρακι,ἆλλ’

167 1654 282 1741 ἄμφω
326 1657 453 1730 ταῦτα
501 1659 725 1742 περιστερᾷ

165 1752 306 1840 μᾶλλον·
328 1751 402 1820 ἀλλ
418 1753 439 1839 ἢ
454 1755 553 1819 κατὰ
567 1756 611 1819 τὸ
626 1757 724 1838 χρῶ-

165 1877 220 1937 μα
241 1845 368 1938 μόνον
389 1848 635 1941 προςὲοικεν
662 1851 724 1918 ii-

167 1975 268 2032 ρακι.

167 2084 225 2144 Pro
240 2086 372 2163 quonium
394 2094 461 2155 ιυιιο
482 2103 541 2147 um
566 2095 705 2167 ογροιιιιι
728 2087 832 2169 reliqui
844 2075 1017 2166 Mnyhcffius
1038 2083 1206 2173 ,accuratius
1231 2085 1305 2146 scri·

167 2182 295 2247 bendum
311 2183 401 2245 luisse
415 2186 546 2247 monuit:
563 2189 697 2265 queremur
710 2195 778 2251 tutte
791 2203 850 2249 κοιι
867 2193 985 2266 cuperet
1000 2185 1132 2261 ueremur
1146 2185 1194 2245 cui
1205 2183 1307 2244 similis

167 2292 206 2342 τοι
227 2300 314 2362 neque
335 2281 440 2362 reliqui
459 2292 597 2363 apparent
611 2303 672 2364 eus
718 2285 829 2349 Tamen
852 2301 906 2362 ego
927 2284 1064 2353 lacunam
1084 2298 1147 2343 nen
1169 2298 1306 2359 agnosco,

166 2381 216 2442 sed
239 2381 270 2441 iu
292 2381 407 2443 brevius
430 2389 612 2445 contractem
628 2382 823 2459 sententiam
844 2399 914 2444 nam
929 2398 1084 2461 coccygem
1098 2398 1153 2465 pre
1168 2380 1306 2460 accipitre

166 2478 319 2541 venditare
342 2498 446 2558 nusum
469 2499 534 2542 esse
556 2478 731 2545 sectatorem
753 2480 921 2544 Aristotelis
943 2486 1034 2542 testes
1057 2488 1128 2546 sunt
1150 2477 1236 2540 verbe
1257 2478 1305 2543 ina

166 2577 272 2655 iniecta
285 2579 364 2640 selus
378 2581 553 2659 οτοῷιλνιιυι,
576 2579 616 2640 ita
639 2587 673 2647 ut
695 2599 748 2642 vex
769 2579 875 2661 reliqui
893 2596 956 2641 non
971 2574 1079 2639 habeat
1094 2595 1152 2659 quc
1168 2577 1304 2641 offendet.

168 2675 350 2739 Sententicla
384 2695 469 2759 quae¹
491 2677 569 2758 apud
591 2677 721 2745 Plinium
743 2676 893 2741 adseritur
914 2685 1006 2740 mutet
1034 2683 1137 2749 nutem,
1158 2687 1184 2738 et
1212 2693 1307 2738 vocem

166 2774 249 2837 abest
270 2774 306 2836 ab
327 2773 501 2852 Aristotele3
523 2775 631 2843 deinde
648 2778 779 2858 precedit
802 2794 879 2846 uere,
905 2775 1063 2842 occultatur
1078 2773 1225 2837 caniculae
1240 2787 1307 2837 ονιυ

167 2893 200 2933 eu
232 2873 269 2935 iis
303 2882 366 2936 orta
397 2882 467 2935 sunt
499 2893 574 2955 quae
607 2885 676 2954 post
708 2871 822 2953 ὀλίγας
857 2871 980 2965 ἡμέρας
1011 2877 1123 2951 inserta
1156 2878 1304 2956 leguntur.

167 2972 314 3052 Pergitur:
644 2998 646 3003 ·

267 3082 429 3162 *Interque
461 3082 567 3163 parit
598 3082 637 3149 in
667 3085 806 3149 alienis
839 3085 937 3153 nidis
970 3086 1123 3155 maxime
1154 3088 1305 3166 palum-

268 3181 385 3256 bium,
418 3181 562 3244 maicre
596 3202 634 3245 ex
662 3193 770 3264 perte
791 3185 937 3264 singula
960 3204 1023 3251 cru
1046 3185 1126 3266 quud
1149 3186 1227 3251 nullu
1251 3186 1305 3249 alia

269 3280 328 3343 avis
352 3277 395 3360 (l),
417 3298 499 3345 rure
522 3280 615 3344 bina.

168 3406 399 3469 Rescribendum
424 3416 469 3469 est
482 3407 616 3470 uidelicet
636 3408 938 3490 interuenientem
961 3427 1032 3473 nam
1047 3424 1108 3471 nen
1122 3408 1221 3490 paucis
1238 3408 1306 3474 Ari-

168 3505 280 3569 stotelis
297 3505 393 3570 verbis
408 3505 525 3572 omissis
547 3507 601 3571 iste
615 3526 719 3571 rursus
739 3516 856 3589 suuupta
878 3528 915 3574 ex
936 3526 972 3571 eo
995 3517 1077 3571 suut:
1100 3499 1119 3573 d
1142 3504 1305 3571 divinem

167 3601 228 3686 μὲν
253 3598 326 3667 ἀλλ’
351 3597 391 3666 οὐ
415 3600 643 3687 ποιησάμενος
668 3604 829 3680 νεοττιάν,
855 3599 931 3671 a’tt'
958 3606 1088 3672 inicus
1111 3604 1171 3690 μὲν
1195 3603 1236 3670 ἐν
1259 3608 1306 3695 τῇ

168 3702 243 3765 τῶν
272 3696 454 3766 ἐλαττόνων
483 3699 658 3787 ὀρνίθων
686 3703 857 3771 ἐντίκτει
887 3704 1088 3792 καταφαγών
1115 3703 1158 3769 τὰ
1186 3700 1235 3789 ᾠὰ
1263 3700 1304 3771 τοὶ

168 3798 316 3877 ἐκείνοιν,
346 3798 525 3882 μάλιστα
555 3796 588 3866 d’
619 3801 660 3867 ἓν
688 3812 779 3878 ταῖς
807 3803 879 3871 τῶν
908 3805 1049 3889 φαβῶν
1077 3811 1304 3877 νεοττιατς,

168 3895 369 3984 καταφαγών
394 3897 450 3962 καὶ
475 3897 517 3962 τοὶ
542 3895 666 3965 τούτων
695 3895 757 3986 ᾠά·
787 3906 920 3969 τίκτει
949 3899 983 3968 d'
1014 3898 1201 3981 ὀλιγάκις
1235 3900 1306 3985 μὲν

169 3999 190 4064 d
196 3996 215 4065 15
222 4022 254 4077 ο,
277 3996 323 4065 τοὶ
346 3995 367 4062 d
372 3996 387 4063 ὲ
408 3995 580 4067 πλεῖστα
602 4002 652 4067 ἓν.
688 4000 748 4065 lam
765 4021 834 4069 vero
850 4021 909 4083 quc
929 4003 1027 4069 studio
1044 4002 1176 4069 diversus
1190 4001 1304 4064 Aristu-

168 4099 235 4167 telis
256 4100 337 4160 locus
360 4097 551 4165 inmiscectur
571 4100 767 4166 attendemus.
813 4100 898 4175 Quod
921 4101 1000 4167 euim
1022 4101 1118 4183 pergit
1139 4100 1272 4171 Plinius:

269 4224 473 4305 censecutos
494 4224 718 4291 subiciendi
739 4232 862 4306 putetur
875 4226 956 4306 quod
980 4226 1078 4295 sciet
1098 4245 1131 4292 se
1152 4226 1305 4293 inrisam

268 4323 514 4391 cunctiseuhus.
559 4324 647 4393 Num
668 4324 830 4391 minutae
853 4342 999 4406 qunque
1025 4325 1216 4393 infestent.
1260 4325 1303 4388 lta

270 4442 339 4484 non
359 4423 440 4489 lore
462 4431 573 4493 tutam
596 4424 697 4504 ceren
720 4443 774 4493 sun
796 4423 920 4507 curren
943 4425 1080 4507 opinatur
1101 4425 1137 4496 ui
1157 4425 1302 4501 fefellerit,
