2962 5010
467 251 798 316 '-115-

106 431 210 492 ruinae
232 448 340 509 genere
364 428 480 489 turbata
508 446 575 488 esse
598 423 750 488 efficiatur.
794 425 916 485 Etenim
939 423 1051 486 Plinius
1074 425 1105 485 in
1129 443 1252 505 excerp-

106 529 143 589 tis
176 529 341 607 pompilum
379 534 447 606 post
482 542 602 586 versum
625 524 754 585 >demum
781 523 838 582 117
873 530 904 584 et
936 529 1005 600 post
1035 522 1130 601 glauci
1163 524 1252 605 piscis

107 629 291 688 mentionem
315 645 369 687 suo
384 633 521 704 tempore
537 621 668 684 extitisse
683 622 767 682 testis
788 629 850 696 est3
874 620 1114 700 quandoquidem
1137 621 1185 684 ita³
1199 636 1253 684 cx-

108 726 216 804 cerpsit
231 725 278 784 ille
300 732 335 785 ut
348 740 489 785 versuum
504 738 625 800 semper
640 718 776 781 ordinem
791 726 965 798 sequeretur
979 719 1030 798 (ci.
1046 738 1136 800 supra
1151 739 1181 800 p.
1199 721 1252 800 66)

108 840 205 902 neque
228 839 297 884 vcro
319 819 559 900 transpositionis
590 816 792 879 coniecturam
818 836 932 896 prosae
953 819 1088 880 orationi·
1103 819 1253 883 Plinianae

108 921 223 981 facilius
246 920 411 982 admoveas.
455 918 549 997 ldque
580 916 646 976 vide
679 916 753 976 mibi
774 934 846 994 quos
867 917 1071 980 confirmetur.
1105 917 1252 998 ‘Legimus

109 1020 188 1080 enim
204 1019 300 1098 ipsum
318 1020 452 1098 glaucum
468 1036 495 1077 v.
513 1017 573 1076 117
590 1013 772 1095 pelagiorum
790 1014 923 1077 omnium
939 1015 1077 1084 ultimum
1101 1015 1254 1096 elssuilquc

110 1112 296 1178 enumeratio
319 1125 349 1178 ct
371 1115 501 1195 exspirat
522 1114 624 1175 hebeti
642 1121 677 1174 et
707 1112 840 1192 longuida
864 1120 895 1174 e't
915 1114 1074 1178 invenusta
1098 1103 1253 1177 nominum

111 1216 199 1276 trium
232 1234 287 1295 per
314 1222 410 1276 metra
437 1213 494 1275 tria
524 1213 734 1292 dispositorum
763 1210 977 1291 compositione
1004 1230 1073 1274 cum
1096 1212 1196 1275 statim
1218 1214 1254 1276 ad

111 1315 231 1374 alteram
264 1313 390 1392 piscium
419 1311 589 1392 portionem
622 1311 765 1390 procedat
795 1309 933 1390 scriptor.
982 1311 1072 1390 Atqui
1105 1311 1255 1392 pompilos

110 1412 218 1491 quippe
251 1411 383 1489 pelagius
417 1411 564 1490 glaucum,
598 1409 623 1470 si
645 1409 840 1489 3111111111,-
871 1407 956 1488 'sequi
983 1408 1042 1471 nisi
1063 1409 1163 1472 statim
1193 1426 1255 1477 non

109 1517 234 1589 poterat.
279 1509 340 1570 lam
362 1526 434 1570 vero
455 1508 607 1589 pompilus
629 1525 708 1568 unus
732 1506 868 1568 omnium
888 1506 1071 1586 pelagiorum
1087 1516 1142 1580 est,
1166 1525 1253 1587 quem

111 1607 231 1669 insolito
260 1625 344 1668 more
371 1613 459 1686 poeta
488 1605 659 1666 nontertia
680 1612 808 1684 persona
836 1604 887 1665 sed
911 1605 1040 1666 secunda
1068 1605 1256 1684 appellaverit

112 1707 277 1767 clamitans:
303 1704 398 1785 Tuque
421 1702 525 1765 conus!
555 1703 632 1777 Quid
648 1702 728 1772 ,brec
749 1702 876 1764 elatioris
891 1702 1039 1763 sermonis
1061 1703 1163 1781 figura,
1186 1704 1257 1783 quid

111 1800 274 1865 sonus'bic
296 1804 419 1882 inquam
442 1801 597 1864 excitatior
617 1817 732 1860 moram
755 1799 833 1860 inter
854 1809 885 1861 et
906 1797 1084 1879 cercyrum?
1125 1801 1162 1862 nt
1184 1818 1253 1863 vero

112 1903 249 1964 vivacitas
283 1918 316 1960 ea
349 1899 517 1977 gratissima
545 1906 634 1978 atque
660 1904 783 1959 ornatus
818 1897 1089 1977 opportunissimus
1115 1898 1142 1958 si
1164 1907 1257 1960 totam

83 2055 85 2057 ,
114 1998 369 2061 enumerationem
392 1997 553 2058 tristiorem
576 1997 636 2057 iam
659 1995 799 2057 viridiore
825 1997 922 2058 colore
955 1996 1040 2057 linire
1073 2005 1160 2075 pocta
1193 2007 1258 2061 stu-

115 2100 210 2159 debat.
253 2097 348 2174 11111
371 2112 444 2157 num
466 2113 537 2157 casu
560 2094 680 2168 accidit,
704 2095 794 2174 1quod
828 2095 916 2157 etiam
941 2095 1030 2158 altere
1062 2097 1259 2174 111131111-

112 2206 164 2258 tur
185 2194 415 2257 luxuriosiorum
438 2192 564 2273 piscium
579 2200 692 2255 caterva
707 2192 932 2273 compellatione
953 2192 1132 2257 terminatur
1156 2193 1259 2256 eadem

115 2315 140 2355 v.
161 2294 235 2356 134:
837 2318 840 2325 ¹

214 2390 239 2450 Τ
247 2407 334 2470 uque
355 2388 520 2470 peregrinis
534 2388 697 2469 acipenser
719 2387 827 2460 nobilis
848 2386 962 2452 undis?

115 2491 189 2552 Nam
218 2490 275 2550 hoc
300 2488 407 2551 ultimo
430 2506 519 2550 versu
541 2486 705 2550 absolvisse
726 2495 846 2567 poetam
869 2487 1108 2551 distributionem
1131 2489 1257 2569 piscium

115 2597 167 2651 aut
204 2586 307 2648 saitem
342 2586 506 2648 secundam
549 2585 768 2647 distributionis
803 2586 975 2666 portionem
1011 2586 1177 2649 tenendum
1215 2595 1260 2649 est

113 2685 354 2764 adiunxissetque
386 2685 437 2746 ille
469 2684 528 2745 iam
562 2701 646 2746 versu
675 2684 735 2746 135
769 2692 820 2746 aut
853 2685 1024 2765 portionem
1057 2686 1174 2748 tertium
1208 2693 1259 2747 aut

114 2784 306 2864 piscationem
329 2783 425 2862 ipsam
448 2781 507 2842 nisi
529 2781 703 2844 incohatum
726 2792 847 2845 carmen
870 2783 963 2846 videri
985 2800 1076 2846 suum
1093 2783 1255 2846 maluisset.

114 2883 217 2961 ltaque
231 2899 275 2941 vv.
293 2880 354 2941 100
364 2898 409 2958 sq.
440 2880 628 2941 collocandos
650 2887 717 2959 post
731 2898 759 2940 v.
778 2881 835 2942 117
859 2900 924 2945 csse
946 2882 1162 2946 honoratione
1188 2897 1259 2944 con·

114 2980 211 3041 icitur.
672 3004 675 3011 ·

201 3077 298 3155 Atque
330 3082 426 3136 restat
458 3084 491 3136 11
518 3076 551 3136 11
580 3074 735 3138 herbidum
757 3075 817 3137 iam
840 3092 922 3138 mare
943 3075 1132 3139 insinuemus
1154 3094 1260 3156 proce·

115 3178 260 3254 daturque
287 3193 303 3235 a
325 3172 457 3253 piscibus
486 3172 683 3235 severioribus
697 3200 701 3211 =
716 3179 747 3234 et
775 3172 845 3234 lere
869 3173 996 3237 heroicis
1016 3174 1053 3237 ad
1077 3173 1260 3237 effeminatas

115 3272 314 3351 cinaedosque
351 3279 380 3334 et
415 3273 547 3334 resaluto
583 3272 719 3333 viventes
751 3271 828 3333 sicut
854 3271 949 3335 amica
987 3273 1050 3335 luto
1079 3291 1160 3334 sus..
1186 3272 1260 3339 Ecce

116 3372 301 3453 principatus
335 3378 368 3433 ut
394 3370 508 3433 Plinius
536 3370 655 3449 scripsit
669 3368 709 3431 tx
724 3369 765 3431 62
788 3377 818 3431 et
838 3370 902 3449 ipse
931 3369 1045 3449 primus
1072 3370 1155 3432 locus
1184 3387 1261 3431 con-

115 3472 230 3534 ceditur
251 3488 360 3533 scaro
381 3468 427 3551 coi
449 3465 666 3549 ἰχθομέδοντι
683 3467 821 3545 (Marcell.
846 3467 907 3528 Sid.
924 3468 977 3543 54)
1000 3467 1084 3531 cuius
1107 3467 1260 3547 ingenium

116 3565 249 3632 ἁπαλὸν
281 3567 369 3646 (Opp.
390 3567 416 3628 ll
437 3565 512 3643 662)
546 3585 695 3647 quemque
728 3565 808 3645 pasci
841 3566 913 3647 alga·
936 3567 1110 3630 Aristoteles
1147 3566 1262 3647 accepit

117 3665 336 3747 p.591n15;
369 3675 399 3728 at
431 3682 494 3727 non
521 3664 601 3727 inter
622 3668 741 3738 arenas,
770 3665 821 3725 sed
844 3663 924 3726 inter
947 3683 1016 3728 saxa
1038 3666 1141 3744 potius
1163 3664 1261 3731 herbis

118 3765 231 3828 consita
265 3764 376 3825 versari
409 3782 527 3826 scarum
549 3764 684 3843 Oppianc
710 3762 846 3843 plccmtl
863 3762 939 3837 1343
972 3782 1031 3844 quo
1066 3782 1136 3825 vero
1170 3782 1260 3827 orna·

119 3871 222 3927 mento
239 3861 335 3924 utitur
349 3861 469 3923 Ovidius
484 3872 594 3942 epcstm
615 3861 694 3924 eolus
715 3865 766 3942 qui
784 3863 914 3924 ruminat
928 3879 1013 3935 escas,
1035 3851 1160 3940 prorsus
1182 3862 1261 3923 idem

117 3980 172 4024 suo
195 3961 227 4023 in
250 3959 382 4038 catalogo
398 3959 549 4040 Oppianus
571 3959 746 4038 ponendum
768 3960 882 4041 putarit
902 3960 961 4022 nisi
983 3960 1063 4040 quod
1084 3959 1175 4023 latius
1199 3978 1261 4020 uno

120 4070 214 4122 metro
235 4058 366 4139 spatium
387 4056 551 4137 impendit:
840 4120 843 4125 ,

207 4156 275 4220 ’καὶ
293 4151 448 4234 σκάρον
462 4150 499 4228 ὃς
514 4151 555 4237 δὴ
570 4154 692 4236 μοῦνος
705 4151 743 4216 ἐν
758 4150 874 4232 ἰχθύσι
896 4155 1003 4218 πᾶσιν
1018 4151 1178 4227 ἀναύδοις

220 4255 403 4336 φθέγγεται
422 4250 579 4335 inponitur
592 4248 738 4332 λαλαγὴν
753 4251 808 4313 καὶ
824 4253 973 4333 μοῦνος
988 4250 1131 4335 loqvor

220 4349 405 4433 ἄψορῤον
421 4353 615 4433 προΐησιν
630 4342 869 4430 ἀνὰστόμαρ
891 4347 1081 4434 δεύτερον
1096 4344 1209 4422 αὖτις

220 4442 484 4529 δαινύμενος,
500 4446 659 4533 μήλοισιν
673 4443 896 4533 ἀναπτύσσων
911 4450 970 4513 ἴσα
984 4447 1122 4535 φορβύν.
1191 4526 1194 4535 Ι
1209 4526 1223 4539 ,Ι

1068 4549 1119 4621 er,
1171 4604 1204 4621 ⁴.
