2962 5010
618 281 858 347 -135-

168 469 240 523 snut
282 480 311 540 p.
337 460 443 522 547ss
473 459 527 521 15:
581 456 641 519 καὶ
683 452 727 518 αἱ
771 460 916 521 πίνναι
961 452 1089 537 ὀρθαὶ
1132 450 1307 536 φύονται

168 558 203 620 ἐκ
238 555 295 621 τοῦ
332 557 458 640 docueri
503 556 562 636 (uel
599 552 726 637 βυθοῦ)
770 553 813 621 ἐν
855 564 944 630 τοίς
988 548 1202 636 ἀμμώδεσι
1238 551 1305 626 καὶ

168 650 493 739 βορβοροίδεσιν.
538 651 678 733 ἔχουσι
706 649 738 716 δ’
768 652 810 718 ἐν
838 649 980 727 αὑταῖς
1014 647 1316 740 πιννοφιίλακοιῖ,

168 752 208 817 oi
239 754 311 838 μὲν
339 751 545 835 καρίδιον,
575 748 616 814 αἱ
646 749 691 814 δὲ
720 755 948 834 καρκίνιον·
992 742 1031 814 οὗ
1060 744 1307 832 στερισκόμενοι

168 851 428 935 διαφθείρονται
444 849 577 917 θᾶττον.
608 851 702 924 Quam
719 869 772 930 ego
787 859 930 932 reputans
944 849 1167 913 similitudinem
1183 867 1238 931 pro
1255 868 1306 911 er·

168 953 281 1031 plorato
295 951 388 1015 bsbeo
402 951 479 1030 apud
490 949 678 1013 Aristotelem
691 957 725 1015 nt
739 949 793 1013 alia
805 950 898 1012 multa
913 949 990 1024 alibi,
1005 949 1044 1010 ita
1059 949 1117 1010 hoc
1130 949 1196 1011 loco
1211 948 1305 1011 inter-

169 1051 273 1112 cidisse
304 1051 397 1129 ipsam
424 1049 507 1115 illam
529 1049 604 1111 Plini
631 1048 884 1113 narratiunculam
914 1048 1114 1117 illustrantem
1130 1067 1204 1111 ‚eam
1226 1046 1307 1127 quod

168 1149 233 1210 sine
265 1148 372 1211 comite
403 1144 664 1228 διαφθείρονται
694 1142 829 1212 θᾶττον.
886 1147 992 1209 Statim
1025 1155 1125 1211 autern
1157 1146 1190 1209 in
1224 1163 1259 1208 ea
1290 1164 1306 1217 a

168 1248 329 1327 Chrysippo
361 1247 479 1311 differre
510 1246 567 1308 boc
601 1246 727 1311 mansne
750 1245 848 1309 vidisti
874 1247 954 1326 quod
985 1245 1054 1327 pina
1085 1262 1194 1325 eorpus
1216 1262 1309 1311 suurn,

167 1346 332 1409 luminibus
366 1346 472 1409 orbum
506 1345 647 1425 praebere
683 1337 833 1426 pisciculis
868 1344 991 1420 dicitur;
1025 1353 1055 1406 at
1090 1343 1169 1407 idem
1207 1350 1308 1424 aperte

167 1445 278 1525 legerat
299 1444 436 1509 Aelianus
451 1443 490 1506 ΙΙΙ
507 1441 547 1507 29
571 1443 621 1506 ubi
642 1445 724 1507 hunc
744 1444 777 1507 in
793 1442 915 1507 modurn
930 1462 979 1508 res
994 1443 1085 1507 etiarn
1099 1441 1309 1522 exaggeratur:

167 1541 223 1604 καὶ
249 1544 416 1624 προτείνει
442 1544 579 1624 σαρκίον
606 1539 640 1613 ἐξ
665 1538 781 1625 ἑαυτῆς
802 1537 909 1605 οἱονεὶ
929 1538 1045 1623 δέλεαρ
1064 1549 1136 1614 τοίς
1156 1561 1307 1624 παρακρ-

166 1644 318 1723 χομένοις
344 1640 408 1705 τῶν
435 1635 574 1718 ἰχθύων.
623 1641 730 1705 Omisit
751 1640 933 1722 Chrysippus
966 1640 1077 1720 quique
1107 1638 1146 1702 ab
1173 1658 1209 1701 eo
1230 1658 1307 1719 pen·

167 1743 237 1804 dent
258 1759 361 1803 omncs
383 1740 455 1803 illud
477 1757 615 1820 quoque:
650 1734 755 1822 ὀρθαί
785 1734 926 1822 φύονται
960 1739 1003 1800 vel
1030 1739 1161 1803 aubseuo
1189 1755 1308 1819 κιιιφοτ.

251 1839 390 1901 Extitisse
405 1837 483 1917 apud
498 1837 686 1902 Aristotelem
701 1838 800 1901 locum
816 1838 945 1919 plenum,
967 1855 1002 1901 eo
1017 1855 1138 1917 queque
1152 1854 1309 1900 commen·

167 1940 253 2001 datur
286 1937 365 2016 quod
393 1936 505 2017 reliqua
538 1937 651 2001 Plinius
676 1936 784 2017 quibus
809 1937 919 2001 ibidem
944 1935 1104 2026 sollertiam
1136 1935 1308 2016 aquatilium

167 2036 316 2116 ampliavit
327 2036 422 2099 eidem
436 2035 535 2101 omnia
548 2036 723 2116 philosopho
736 2036 878 2101 debebat:
893 2037 932 2100 de
943 2036 1142 2117 torpedine
1152 2035 1308 2116 deputo

168 2135 254 2208 1319,
276 2136 313 2199 de
335 2153 426 2198 rane
450 2135 589 2199 marina
612 2135 710 2197 62οΒ
727 2138 777 2210 11,
806 2137 844 2199 de
876 2136 1055 2217 squatina
1090 2144 1120 2199 et
1151 2134 1308 2199 rhombo

168 2245 198 2298 et
223 2236 299 2299 reio
317 2233 413 2297 620ss
429 2234 471 2297 ab
497 2235 621 2313 (scilicet
646 2254 700 2316 pro
722 2235 833 2318 ψῆττα
847 2235 1010 2299 Aristotelis
1032 2236 1192 2301 rhombum
1212 2235 1307 2299 inter·

166 2351 235 2413 pres
247 2334 356 2399 latinus
367 2333 532 2399 secundum
544 2351 659 2398 morem
671 2334 794 2397 latinum
803 2334 918 2414 posuit:
931 2335 967 2397 ci.
976 2351 1104 2415 suprap.
1113 2333 1196 2410 118).
1211 2333 1308 2397 Sirnul

167 2441 267 2495 umen
289 2432 365 2496 miro
388 2433 478 2495 modo
500 2451 578 2513 quae
600 2433 680 2513 apud
700 2432 887 2497 Aristotelem
908 2440 980 2495 sunt
999 2430 1042 2497 τοὶ
1066 2429 1108 2495 ἓν
1132 2431 1184 2516 τῷ
1209 2429 1308 2497 στό-

166 2552 266 2612 ματι
296 2525 318 2592 ἃ
347 2528 503 2596 καλοῦσιν
533 2527 567 2594 ei
593 2525 699 2604 ἁλιεῖς
727 2527 893 2614 cupidior·
934 2531 1169 2614 προςίρχονται
1195 2525 1230 2616 δ’
1256 2524 1308 2605 οἷς

167 2627 268 2713 πρὸς
289 2633 416 2712 φυκία
436 2625 499 2715 ἀφ’
515 2623 561 2694 οἷν
579 2630 767 2714 τρέφονται,
790 2648 807 2691 n
828 2629 920 2693 latino
941 2629 1087 2710 scriptore
1099 2629 1307 2710 exprimuntur

163 2732 262 2808 pincio
276 2733 404 2803 euantis,
426 2731 590 2811 etquidem
614 2729 838 2793 cenaculorum
852 2732 949 2809 specie,
973 2729 1092 2793 omissis
1115 2727 1152 2793 ἐν
1165 2729 1210 2814 τῷ
1231 2721 1307 2793 στό-

166 2849 255 2907 ματι.
299 2827 337 2890 bt
357 2828 382 2891 si
404 2828 475 2890 olim
497 2829 628 2908 pleniora
650 2846 750 2909 paena
772 2831 904 2893 inerant:
936 2836 1009 2900 τοϊς
1036 2825 1073 2892 ἐν
1092 2827 1138 2913 τῷ
1165 2825 1307 2911 στόματι

168 2923 482 3009 ιττερυνώμασιν
505 2920 527 2986 ἃ
548 2924 707 2992 καλοῦσιν
716 2945 788 3006 eqo,
811 2934 900 3006 atque
920 2926 991 2989 illud
1011 2922 1308 3007 ατερογιίμασινεί

167 3043 220 3105 pro
236 3027 424 3106 πτερυγίοις
445 3025 592 3106 interpres
604 3025 679 3089 falso
695 3031 856 3104 acceperet,
878 3023 936 3087 iem
951 3023 1085 3104 ineptum
1100 3024 1175 3087 illud
1189 3030 1309 3092 essetis

163 3126 260 3202 pincia
274 3122 388 3187 facilem
404 3120 493 3185 babet
504 3123 688 3203 explicatum.
712 3122 827 3186 Plinius
841 3132 940 3187 autent
952 3122 1058 3187 melius
1070 3123 1102 3185 ni
1112 3123 1197 3187 fallor
1212 3125 1305 3206 scrip-

167 3222 268 3285 sisset:
290 3225 378 3303 apecie
392 3223 593 3285 οαίαιῑοτιιοκ
623 3221 768 3302 Deinceps
781 3240 836 3302 pro
850 3240 928 3296 neue,
951 3222 1030 3302 quod
1046 3223 1190 3303 stupenda
1212 3223 1309 3289 adbuc

167 3320 314 3383 celeritate
351 3329 556 3384 conservatum
592 3319 629 3383 ab
664 3319 839 3384 ecburibus·
866 3319 966 3395 rideo,
1001 3338 1148 3400 reponere
1182 3321 1307 3385 testim

167 3424 250 3483 αιὀιιι
268 3423 418 3499 paulum
438 3419 647 3495 lamcbaotura
667 3419 745 3500 apud
766 3419 955 3483 metensium
979 3438 1050 3481 vero
1070 3419 1166 3501 abque
1188 3420 1307 3487 ercide-

166 3527 237 3585 rnnt
260 3526 328 3599 post
349 3515 436 3600 πλὴν
458 3516 520 3596 adp
542 3508 666 3599 ὁμοίως
681 3516 742 3580 620
758 3518 781 3578 Β
797 3516 848 3580 24.

252 3620 351 3697 Atque
370 3619 430 3681 iam
451 3619 518 3682 vide
539 3637 588 3682 me
608 3636 668 3698 quo
689 3636 873 3697 procurem.
917 3616 992 3681 Nem
1014 3625 1043 3681 et
1059 3617 1103 3681 ad
1123 3637 1187 3681 ren
1210 3635 1308 3681 meam

166 3717 264 3782 iacere
296 3716 379 3779 uideo
412 3724 448 3781 ut
478 3725 624 3797 quantum
657 3716 765 3781 laboris
794 3715 828 3779 in
849 3715 1004 3780 historiam
1036 3716 1209 3779 eumalium
1230 3715 1306 3779 scri-

168 3814 295 3879 bendam
318 3813 429 3877 Plinius
451 3814 632 3901 impenderit
652 3815 759 3880 clarius
788 3814 961 3895 dispiciatur
982 3822 1011 3877 el
1031 3814 1126 3877 sentio
1149 3814 1306 3879 duendurn

168 3933 234 3977 esse
249 3912 414 3991 indignum,
430 3913 508 3993 qnod
524 3930 600 3993 quae
611 3913 660 3975 ille
675 3912 861 3993 conscripsit,
877 3921 911 3975 ut
925 3912 1111 3977 obscuriores
1125 3913 1232 3993 reliqui
1246 3912 1307 3977 sint

167 4022 316 4084 auctores,
347 4020 448 4074 umen
480 4012 655 4092 plerumque
687 4029 754 4074 eum
782 4012 849 4091 ipso
870 4010 1027 4075 brntntele
1049 4011 1207 4074 manifesto
1235 4029 1305 4075 con·

167 4112 307 4192 spirantia
343 4112 476 4175 noudum
519 4112 557 4173 ed
593 4111 734 4173 unussinr
771 4128 892 4173 excussa
933 4110 1033 4173 omniu
1070 4117 1100 4173 ot
1135 4128 1204 4173 curn
1240 4110 1305 4191 ipso

168 4209 325 4273 Aristotele
357 4209 471 4273 conluta
504 4216 585 4273 sunt.
629 4209 725 4290 Atque
753 4226 931 4289 quemquem
960 4208 1033 4271 bnic
1059 4208 1126 4271 loeo
1153 4226 1217 4272 non
1238 4217 1305 4290 epte

168 4309 227 4371 uisi
247 4326 339 4388 peuce
361 4308 495 4388 exempla
516 4307 742 4381 erectaerecta,
765 4313 866 4371 tamen
883 4306 952 4370 iude
974 4316 1004 4369 et
1026 4306 1184 4371 iccbonnm
1201 4326 1305 4373 enten-

168 4408 282 4473 datiuni
309 4408 422 4472 fructus
454 4406 542 4487 aliqui
578 4406 729 4472 dabuntur
750 4413 779 4468 et
800 4405 998 4486 intellegetur,
1031 4415 1141 4488 quanta
1172 4426 1241 4471 cura
1270 4426 1305 4472 ιο
