2962 5010
629 274 869 337 -165-

181 469 235 529 ego
269 467 337 511 vero
371 447 534 510 mutatione
572 458 716 511 vetustam
754 450 932 529 scripturam
970 450 994 513 si
1035 452 1139 532 cogito
1172 452 1325 521 leuissima

180 547 401 618 rescribendum
424 550 546 609 sintenes
568 567 633 609 esse
656 548 746 618 ean
763 548 803 609 23
825 556 923 611 certus
945 569 1022 613 snm.
1321 620 1325 635 τ

264 643 393 710 Videsne
405 645 532 707 Plinium
550 666 617 709 cum
630 665 692 710 non
706 655 865 729 suppetere
881 649 1044 727 catalogum
1061 667 1158 729 nuper
1173 649 1323 729 cognitam

178 744 305 825 sentiret
327 763 415 825 quam
438 745 591 824 pueriliter
610 764 675 823 rem
696 743 810 824 egerit?
842 747 876 808 ln
893 746 991 809 verbis
1013 757 1112 810 autem
1128 752 1146 824 ξ
1163 749 1324 829 ilicoque

177 847 346 906 nominatim
368 843 513 925 conplecti
532 862 593 905 non
617 845 653 911 ad
673 864 779 926 genero
800 846 851 908 sed
866 847 902 908 ad
925 848 1066 914 animalia
1087 846 1163 913 trahi
1184 866 1221 920 eo
1243 848 1323 909 vole·

177 943 229 1005 bat
250 943 383 1023 quamvis
406 940 542 1007 subtilius
565 943 595 1005 id
616 944 681 1011 fieri
703 944 825 1020 diceres.
871 945 1051 1009 Observattn
1077 957 1228 1025 praeterea
1247 964 1323 1010 enon

176 1043 218 1104 ita
240 1059 330 1122 pauca
353 1040 523 1121 aquatilium
547 1042 667 1103 nomina
689 1043 778 1103 etiam
801 1042 903 1107 abesse
925 1043 962 1105 ab
984 1045 1041 1108 hoe
1060 1043 1158 1106 indice
1173 1043 1204 1106 in
1227 1045 1323 1125 iisque
1392 1069 1394 1073 ¹

178 1141 224 1201 vel
246 1159 322 1220 qnae
344 1139 462 1220 inipso
485 1157 566 1201 nono
588 1139 664 1201 libro
688 1140 798 1220 scripta
821 1151 901 1205 sunt.
949 1141 1084 1221 Denique
1108 1141 1145 1202 cd
1178 1143 1322 1211 calculum

178 1257 320 1319 generum
332 1245 468 1301 accurate
475 1238 648 1318 ponendum
659 1238 781 1300 nomina
791 1239 914 1319 catalogi
925 1239 1092 1320 conquisita
1105 1258 1167 1303 non
1176 1240 1268 1304 luisse
1277 1242 1323 1304 vel

178 1339 247 1401 inde
263 1337 408 1416 colligitur
423 1337 502 1417 qood
519 1345 549 1398 et
564 1337 741 1401 lacertorum
756 1356 896 1416 genera
912 1338 942 1401 in
958 1358 993 1400 eo
1009 1338 1074 1401 sinc
1087 1339 1279 1403 distinctione
1291 1347 1322 1402 et

177 1454 351 1505 cancrorum
370 1454 512 1516 genera
531 1434 713 1511 inseruntur.
735 1437 831 1522 Atque
842 1437 886 1497 vir
904 1437 1025 1517 quidem
1037 1437 1086 1499 ille
1102 1438 1320 1503 eruditissimus

177 1536 228 1616 qui
239 1553 382 1615 generum
394 1552 554 1597 numerum
568 1533 678 1620 cxttt
689 1554 744 1614 per
754 1543 815 1597 tres
828 1535 935 1599 classes
947 1535 1090 1609 finiverat,
1106 1536 1168 1597 sive
1180 1537 1320 1601 Seleucus

175 1636 253 1698 lorte
285 1633 439 1695 Tarsensis
472 1633 527 1696 luit
560 1634 619 1696 sive
652 1633 725 1697 alius
754 1633 911 1697 doctorum
941 1653 1070 1715 qnorum
1099 1635 1223 1705 nomina
1251 1636 1321 1699 alibi

175 1734 270 1815 posui,
293 1732 498 1799 difficillimum
522 1751 592 1794 eum
614 1733 746 1797 laborem
768 1733 898 1796 subierat
928 1742 960 1795 nt
982 1733 1118 1795 animalia
1139 1734 1318 1800 abundantia

177 1832 281 1897 similia
299 1830 445 1893 similibus
460 1829 655 1910 subiungeret
673 1841 703 1892 et
720 1830 936 1909 constringeret
947 1832 978 1892 in
995 1830 1104 1894 classes
1122 1840 1152 1893 et
1164 1834 1320 1912 pauciores

175 1939 206 1995 et
226 1930 389 2009 graviorem
420 1936 450 1989 at
480 1947 549 1990 vero
577 1929 665 1991 huius
693 1930 771 2009 apud
793 1928 920 1991 Plinium
947 1926 1063 2001 laboris
1092 1946 1148 1991 nec
1172 1930 1235 1993 vola
1264 1950 1319 1996 nec

174 2028 330 2107 vestigium
353 2036 512 2109 comparet.
557 2028 637 2103 Quae
660 2029 760 2091 omnic
782 2028 838 2089 hoc
866 2027 921 2094 tibi
946 2027 1170 2106 persuadebunt
1203 2037 1236 2091 ut
1269 2031 1316 2093 in÷

175 2128 271 2189 dicem
301 2128 525 2204 grammaticum
557 2143 656 2207 neque
679 2145 747 2188 cum
770 2144 896 2195 numero
919 2126 1084 2205 praemisso
1099 2126 1211 2190 CXLIV
1234 2148 1318 2191 com-

174 2245 265 2288 mune
287 2226 449 2307 quidquam
472 2226 582 2287 babere
605 2243 703 2305 neque
726 2245 793 2288 cum
816 2225 882 2286 libri
906 2225 977 2287 noni
1000 2226 1075 2299 §43
1097 2226 1262 2290 adseveres.

259 2325 373 2401 Quibus
396 2325 546 2388 concessis
568 2323 676 2403 dignus
697 2324 756 2386 iam
781 2325 827 2386 ille
850 2325 1001 2404 catalogus
1023 2323 1158 2399 videatur·
1180 2325 1211 2386 in
1232 2327 1317 2388 cuins

174 2432 311 2486 naturam
334 2430 364 2484 et
386 2423 630 2504 compositionem
661 2424 897 2502 cognoscendam
927 2422 1071 2485 curiosius
1098 2423 1316 2488 incumbamus.

173 2524 211 2584 Et
232 2522 361 2603 primum
386 2521 504 2603 quidem
534 2521 682 2601 singulare
708 2521 741 2582 in
767 2541 803 2582 eo
826 2519 1005 2601 percipimus
1033 2521 1090 2581 hcc
1112 2522 1191 2601 quod
1215 2541 1317 2602 graeca

174 2620 296 2683 nomina
332 2638 456 2702 prorsus
489 2620 673 2700 inexpectata
707 2638 762 2700 pro
795 2618 958 2703 tritissimis
992 2617 1090 2680 latinis
1123 2618 1317 2684 exhibentur:

173 2719 325 2782 botroclus
345 2736 399 2800 pro
422 2718 481 2781 raia
504 2719 548 2781 vel
570 2736 651 2792 rana,
674 2717 778 2798 clopec
799 2737 853 2798 pro
876 2719 972 2797 vulpe,
997 2718 1112 2798 ccipbe'os
1133 2735 1187 2798 pro
1210 2719 1316 2798 gladio,

172 2818 281 2880 coclrloe
313 2816 367 2898 pro
401 2815 537 2890 conchis,
570 2810 670 2897 beppus
703 2836 757 2900 pro
792 2836 883 2896 equo,
916 2820 1019 2878 ictinus
1051 2825 1084 2878 ut
1112 2815 1230 2879 videtur
1261 2837 1316 2899 pro

172 2916 273 2987 miluo,
304 2906 402 3002 poleos
428 2934 482 3006 pro
506 2916 640 2987 mustela,
668 2933 766 2994 neque
788 2933 851 2977 non
873 2933 956 2993 epact
981 2933 1035 2994 pro
1058 2915 1198 2976 caniculis
1219 2934 1317 2996 neque

172 3014 272 3078 minus
295 3014 353 3076 buc
372 3013 528 3095 'pertinent
556 3032 589 3074 ea
620 3013 727 3094 quibus
754 3013 844 3074 latina
873 3013 1084 3074 adstruuntur:
1119 3012 1202 3074 rbe‘ae
1235 3034 1316 3094 quem

170 3124 278 3176 scotum
301 3113 359 3188 (vel
373 3112 518 3194 equolam)
534 3129 670 3174 vocemus
685 3119 714 3172 ct
729 3112 808 3173 cm'de
823 3130 908 3192 quom
922 3115 1114 3174 catarticum
1128 3129 1265 3174 vocamus
1286 3122 1316 3175 et

172 3213 287 3275 telonae
301 3229 371 3293 qum
386 3212 527 3273 cculaetoe
541 3229 682 3273 nocemus.
712 3210 744 3271 ld
760 3227 881 3290 quoque
897 3218 926 3270 et
941 3228 957 3270 a
972 3209 1047 3270 Plini
1063 3228 1119 3271 usu
1136 3219 1166 3271 et
1180 3209 1217 3270 ab
1232 3212 1315 3273 omni

170 3310 313 3372 latinitate
335 3311 446 3372 mirum
468 3317 611 3390 quantum
633 3309 731 3372 dillert
758 3309 837 3390 quod
862 3327 971 3390 penger
992 3307 1134 3371 scribitur
1161 3326 1215 3389 pro
1241 3329 1314 3371 con-

169 3428 233 3488 gro,
262 3409 307 3471 vel
329 3409 418 3472 etiam
444 3411 522 3471 cobio
551 3403 697 3489 (κωβιός)
719 3426 773 3488 pro
796 3407 931 3488 gobione.
975 3408 1080 3470 ltidem
1115 3418 1209 3470 ostreo
1237 3425 1314 3471 nen-

169 3517 249 3570 trum
282 3526 453 3586 graeeorum
489 3526 571 3569 more
605 3508 716 3570 dictum
744 3525 812 3568 cnm
835 3507 868 3569 in
890 3505 971 3568 libris
991 3505 1114 3567 lX-Xl
1135 3514 1187 3569 aut
1211 3516 1314 3586 regnet

169 3618 220 3672 ant
251 3607 417 3689 praevaleat
438 3617 555 3668 ostreae.
600 3606 663 3668 Hoc
695 3606 795 3686 itaque
825 3605 958 3667 mirabile
987 3604 1115 3684 primum
1146 3605 1224 3684 quod
1259 3605 1313 3667 ali-

170 3716 319 3790 quatenus
342 3706 486 3786 explicare
509 3705 673 3786 cupiamus.
715 3705 828 3766 Deinde
850 3723 920 3767 vero
944 3722 1061 3766 summa
1084 3703 1217 3783 quaestio
1239 3704 1313 3767 haec

168 3804 336 3869 monebitur
358 3804 409 3884 qui
431 3804 555 3866 omnino
577 3805 688 3867 factum
710 3804 750 3865 sit
771 3810 804 3866 ut
827 3797 910 3864 uacci
926 3810 1088 3880 στοιχεῖον
1102 3801 1174 3863 baec
1189 3803 1312 3864 nomina

168 3905 302 3970 aPlinio
330 3902 541 3964 exhiberentur
562 3888 598 3965 ‘et
626 3902 745 3982 quidem
774 3903 847 3963 baec
873 3900 1095 3972 tantummodo,
1128 3900 1249 3979 reliquis
1283 3911 1311 3963 et

168 4014 252 4069 antea
283 4013 315 4066 et
342 4010 445 4083 postea
473 4001 538 4064 sine
563 4002 621 4062 ullo
645 4000 748 4062 ordine
772 4020 806 4061 ac
827 3999 926 4078 regula
949 3999 1079 4060 adiectis.
1124 4000 1170 4060 An
1196 3999 1312 4076 integer

167 4104 209 4166 itti
233 4102 381 4182 catalogus
397 4100 514 4162 aliunde
528 4099 643 4161 adlatus
657 4100 846 4179 scriptusque
869 4096 905 4157 ab
921 4115 955 4158 eo
970 4096 1027 4158 luit
1042 4097 1091 4177 qui
1107 4093 1211 4168 λέξεις
1226 4114 1310 4175 grae-

167 4221 215 4264 cas
238 4200 344 4282 partim
368 4199 459 4260 latine
480 4196 588 4278 partim
610 4197 698 4259 etiam
721 4213 823 4276 graece
837 4194 1063 4274 transcripserat
1078 4205 1310 4274 compresserat-

167 4320 224 4381 que
246 4299 277 4361 ln
300 4307 396 4360 artum
420 4316 488 4360 cum
512 4315 615 4376 magna
638 4295 716 4358 baud
739 4293 827 4356 dubie
848 4293 959 4355 iactura
981 4290 1106 4355 cerum?
1147 4292 1193 4355 An
1216 4295 1309 4372 magis

165 4399 264 4482 ipsum
310 4397 436 4460 Plinium
481 4397 614 4477 quamvis
656 4394 796 4465 inscitum
842 4391 962 4454 nomina
1012 4400 1041 4454 et
1084 4391 1236 4474 collegisse
1279 4399 1309 4454 et
