2962 5010
697 319 913 384 ..48-

377 496 443 556 Non
465 504 580 557 veteres
602 495 728 569 Thebas,
752 513 809 556 nec
831 495 973 574 Pergama
996 512 1109 557 nomen
1133 495 1253 556 Homeri

418 594 522 655 Xerxis
547 602 576 655 et
597 595 723 675 imperio
747 593 816 656 bina
840 594 935 655 coisse
958 595 1040 662 vada,

233 729 279 791 vix
302 746 371 790 casu
394 726 499 789 similia
523 727 677 788 coniunxit
699 727 805 790 Cuhcis
829 734 916 807 poeta
938 747 965 787 r.
982 727 1040 787 27:

376 852 473 914 Triste
495 852 570 913 lovis
593 851 760 933 Rhoetique
783 854 862 914 canit
884 871 946 919 non
968 853 1073 933 pagina
1095 852 1216 927 bellum,

375 950 499 1030 Phlegra
521 950 663 1028 Giganteo
687 969 787 1030 sparsa
811 958 856 1012 est
878 970 937 1030 quo
960 952 1102 1032 sanguine
1124 952 1221 1022 telius,

375 1049 435 1109 Nec
459 1050 640 1110 Centaureos
664 1048 804 1128 Lapithas
828 1069 890 1130 eqs.

375 1147 437 1208 Nec
458 1148 609 1226 perfossus
632 1147 724 1208 Athos
747 1167 802 1210 333
824 1166 934 1228 magno
957 1148 1072 1210 vincula
1095 1156 1188 1228 ponto

375 1245 452 1306 13313
471 1264 539 1306 meo
564 1254 706 1325 quaerent
727 1247 785 1308 iam
809 1267 873 1309 sera
893 1248 1043 1309 volumine
1064 1248 1173 1309 famam

233 1379 263 1432 et
282 1391 356 1452 quae
378 1378 553 1450 sequuntur.
593 1371 674 1443 Quae
696 1382 851 1452 exceperat
874 1393 974 1436 versus
994 1373 1034 1434 35
1056 1374 1136 1434 hunc
1158 1372 1190 1433 in
1212 1369 1352 1431 modum:

375 1496 473 1557 Mollia
496 1495 547 1556 sed
570 1496 654 1556 tenui
677 1496 752 1575 pede
775 1497 895 1569 currite,
917 1498 1056 1559 carmina.
1101 1498 1209 1558 Versus

376 1594 492 1656 Viribus
507 1596 581 1672 'apta
604 1594 665 1655 suis
688 1594 807 1656 Phoebo
832 1597 905 1657 duce
928 1596 1028 1657 ludere
1050 1597 1173 1673 gaudet3

233 1735 269 1795 de
292 1754 350 1814 quo
372 1735 436 1795 loco
453 1733 599 1812 disputavi
615 1734 633 1794 1.
649 1734 667 1795 1.
683 1753 712 1814 p.
732 1734 778 1794 17.
816 1735 877 1796 iam
900 1735 951 1815 qui
973 1753 1037 1796 rem
1054 1733 1181 1813 probent
1195 1730 1374 1810 probaturos

233 1834 320 1896 etiam
343 1833 501 1895 lectionem
525 1852 588 1893 esse
611 1851 708 1912 spero.

316 1931 397 1992 idem
421 1949 493 1992 num
518 1931 606 1992 etiam
621 1931 819 1992 Erichthonius
841 1931 984 1992 adiectivo
1001 1949 1026 1990 v.
1044 1929 1104 1990 336
1128 1928 1171 1990 311
1186 1947 1202 1988 3
1217 1925 1374 2005 Propertio

232 2029 298 2102 116,
312 2029 331 2088 4
348 2025 509 2090 didicerat?
536 2027 659 2107 Ambigo
676 2029 764 2089 etiam
781 2028 945 2090 (131245.
967 2027 1109 2089 Facienda
1125 2026 1292 2088 coniectura
1308 2024 1375 2098 erit,

231 2127 319 2188 simul
330 2133 431 2186 tamen
443 2146 489 2187 res
502 2125 556 2187 alia
568 2128 720 2188 tractanda
734 2147 828 2207 eaque
839 2127 1018 2205 gravissima.
1037 2125 1158 2186 Initium
1172 2124 1258 2185 faciat
1268 2121 1374 2183 Culicis

231 2243 333 2285 versus
349 2223 419 2285 400.
454 2224 608 2286 Pastorem
623 2224 671 2285 hic
685 2225 809 2304 legimus
825 2225 975 2286 tumulum
988 2243 1078 2304 quem
1090 2224 1179 2283 modo
1195 2219 1375 2282 exstruxerit

232 2340 432 2384 conserere
457 2323 494 2400 (v.
516 2320 590 2396 398)
622 2321 745 2385 floribus
772 2322 926 2404 plurimis3
953 2322 1089 2402 sequitur
1111 2322 1217 2380 dorum
1240 2320 1374 2398 ipsorum

232 2422 379 2500 catalogus
401 2420 486 2500 isque
510 2421 695 2482 concluditur
724 2421 820 2482 verbis
847 2420 1076 2481 insolentissime
1105 2416 1222 2496 scriptis
1245 2437 1270 2478 v.
1295 2417 1373 2476 411:

231 2521 273 2580 his
296 2510 751 2599 133131333333313333113311).
797 2519 871 2591 Quia
894 2526 995 2579 autem
1018 2525 1161 2578 seruntur
1182 2516 1283 2588 tiores,
1312 2532 1375 2576 non

231 2635 363 2679 crescere
386 2616 442 2677 dici
463 2616 483 2677 ii
505 2625 633 2696 possunt
648 2617 700 2678 sed
715 2621 778 2678 iore
793 2616 890 2697 potius
912 2616 962 2678 uhi
986 2623 1131 2688 crescant3
1155 2633 1245 2694 quare
1268 2633 1293 2672 v.
1312 2610 1374 2673 399

231 2735 298 2776 cum
322 2715 356 2775 ad
380 2724 504 2777 crescent
526 2716 645 2777 accedat
667 2714 744 2777 varia
766 2716 972 2778 lectiocrcscr't
994 2714 1136 2792 scriptum
1159 2719 1259 2773 tamen
1281 2711 1374 2773 fuisse

232 2832 295 2875 non
316 2821 414 2891 potest
435 2814 493 2874 nisi
516 2826 626 2876 crescet.
673 2814 733 2874 lam
756 2833 783 2874 v.
805 2813 866 2874 400
891 2814 926 2875 ad
954 2813 1112 2874 acanthum
1141 2819 1171 2871 et
1199 2829 1298 2872 rosam
1321 2810 1373 2870 ad-

231 2912 310 2973 ditur
342 2912 378 2972 Et
400 2913 491 2973 violae
514 2931 595 2974 omne
626 2932 729 2992 penus,
764 2921 932 2993 sequuntur
954 2910 1076 2972 nomina
1099 2909 1160 2970 aiia.
1207 2908 1280 2969 illud
1305 2927 1374 2970 vero

233 3009 303 3090 quid
327 3010 366 3070 sit
389 3018 573 3089 reputemus.
618 3011 728 3072 Totum
757 3029 850 3091 genus
879 3011 1021 3071 violarum
1050 3015 1196 3089 quotquot
1224 3007 1254 3067 in
1287 3006 1374 3068 terris

232 3116 303 3169 sunt
325 3109 483 3186 significari
505 3109 630 3171 infacete
656 3119 799 3171 sumatur.
836 3109 996 3189 Reliquum
1019 3118 1063 3168 est
1086 3115 1118 3167 ut
1141 3105 1240 3167 omnia
1267 3123 1374 3184 genera

231 3207 323 3267 violae
351 3206 428 3267 dicta
450 3217 606 3287 putemus3
634 3208 686 3269 sed
715 3211 806 3270 muita
833 3207 898 3269 eius
927 3205 1049 3267 omnino
1079 3222 1140 3264 non
1167 3212 1239 3265 sunt
1257 3223 1375 3283 genera,

230 3323 328 3385 neque
343 3304 419 3366 varia
435 3314 540 3384 poetae
555 3306 585 3367 hi
601 3306 782 3385 distinguere
798 3303 915 3365 violaria
932 3303 1095 3364 didicerant
1115 3300 1172 3360 nisi
1188 3301 1266 3379 quod
1285 3301 1375 3362 modo

230 3403 312 3481 nigra
325 3403 415 3482 magis
428 3403 517 3463 modo
526 3403 664 3483 pallentia
676 3403 856 3484 praedicant.
880 3400 999 3460 Accedit
1014 3398 1094 3478 quod
1106 3399 1136 3457 in
1149 3404 1212 3457 toto
1225 3398 1281 3458 hoc
1293 3405 1374 3458 cata·
1424 3423 1427 3427 ·
1468 3439 1473 3449 -

231 3501 296 3578 logo
310 3501 482 3562 observatur
493 3501 652 3562 herbarum
669 3501 840 3561 nominihus
854 3497 1027 3559 adiectivum
1045 3504 1095 3557 aut
1106 3495 1221 3556 nulium
1235 3495 1308 3556 adici
1323 3503 1374 3557 aut

231 3599 289 3658 tale
312 3617 370 3677 quo
394 3605 498 3660 natura
523 3599 610 3659 unius
639 3597 783 3676 cuiusque
811 3605 879 3676 apte
906 3596 1085 3668 illustretur3
1115 3593 1215 3674 itaque
1246 3595 1319 3655 viola
1349 3594 1373 3655 si

231 3697 354 3757 omnino
378 3696 501 3756 dicenda
525 3695 615 3757 odora
643 3695 699 3755 fuit
721 3695 766 3754 vel
792 3693 922 3755 humilis.
968 3693 1156 3773 Quapropter
1177 3692 1251 3754 haec
1273 3694 1373 3774 potius

230 3802 335 3874 poetae
358 3791 445 3853 verba
468 3793 561 3853 fuisse
584 3792 707 3853 dehent:

858 3890 912 3952 1113
934 3898 964 3951 31
986 3890 1129 3952 acanthus

331 3989 367 4048 Et
389 4006 457 4047 rosa
480 4005 664 4067 purpureum
687 3997 799 4051 crescet
820 3989 992 4069 pudibunda
1016 3988 1156 4049 ruborem

329 4085 366 4145 Et
389 4084 525 4145 viola-
547 4102 635 4146 omne
658 4085 764 4165 genus!
787 4123 829 4132 -
852 4088 899 4148 hic
921 4095 1034 4150 crescet
1056 4085 1188 4166 Spartica
1212 4092 1326 4164 myrtus

330 4187 427 4264 Atque
448 4182 624 4262 hyacinthus
648 4193 678 4245 et
700 4183 747 4245 hic
769 4185 850 4246 Cilici
871 4204 974 4247 crocus
998 4184 1095 4244 editus
1117 4202 1187 4243 arvo
1210 4201 1287 4262 eqs.;

231 4339 357 4399 quorum
396 4339 501 4383 sensus
534 4323 633 4383 fuerat
665 4324 823 4386 nimirum:
859 4326 1019 4397 „tiorum
1051 4323 1101 4384 hic
1132 4321 1231 4381 omnia
1263 4339 1373 4397 genera

230 4426 399 4493 crescent“,
422 4420 600 4504 iniciturque
623 4440 705 4484 omne
725 4442 816 4502 penus
837 4432 872 4483 ut
893 4422 1049 4495 indicetur,
1071 4438 1125 4481 cur
1146 4427 1229 4481 tanta
1251 4428 1373 4499 tamque
