2962 5010
568 286 808 348 -111-

116 461 318 540 poeniten
346 462 426 541 qnod
453 461 620 522 iterandum
643 461 796 541 Oppianus
818 479 877 523 non
906 461 1003 534 duxit3
1032 461 1129 523 latens
1155 460 1265 540 quippe

115 558 176 620 dies
192 564 253 620 lere
273 560 423 639 sexaginta
440 559 588 621 caniculae
604 560 687 621 sidus
702 568 732 620 et
748 559 855 621 rabiosi
871 567 1004 639 tempora
1020 558 1096 639 signi
1110 558 1265 638 fugitabat,

116 659 203 719 sicuti
230 658 343 719 Plinius
359 659 398 718 lX
414 658 454 720 58
475 657 562 719 verba
582 657 748 720 Aristotelis
774 667 913 739 repetens
944 658 978 719 ad
1005 657 1143 736 glaucum
1171 659 1260 721 etiam

116 757 198 818 siluri
226 758 407 819 mentionem
435 757 564 819 adnectit
590 758 642 838 qui
667 756 816 818 caniculae
842 768 910 818 orto
935 759 1094 830 siderctor3
1128 757 1265 819 similiter

116 855 235 934 triginta
260 855 321 917 dies
344 857 436 917 latent
463 852 597 938 κήρυκες
623 856 712 920 Arist.
728 878 756 938 p.
774 855 835 918 599
863 864 893 917 et
914 849 982 918 ύπό
1013 851 1094 918 κύνα
1116 875 1264 937 purpurae

116 956 221 1015 Athen.
240 974 267 1034 p.
286 953 326 1016 89
338 954 370 1014 Β.

202 1053 336 1133 Helops
352 1054 500 1134 pretiosus
516 1063 638 1116 vocatur
650 1055 712 1118 Hal.
727 1055 777 1130 96,
794 1056 874 1117 velut
890 1054 949 1115 iam
963 1055 1039 1133 apud
1053 1053 1265 1135 Epicharmum

119 1148 342 1233 πολυτίματος
354 1152 473 1231 (Athen.
486 1151 548 1214 282
561 1153 613 1230 9);
630 1172 713 1216 scaro
731 1154 809 1216 enim
826 1153 882 1233 ipsi
897 1152 1136 1233 anteponebatur
1152 1153 1264 1233 (Xeno-

117 1251 340 1330 crat.cap.10)
364 1249 546 1332 dabaturque
569 1252 595 1313 ei
618 1253 714 1332 palma
738 1254 851 1333 saporis
871 1251 959 1325 (Plin.
977 1251 1084 1313 XXXII
1101 1253 1190 1332 151);
1213 1254 1263 1315 sed

117 1349 190 1410 Plini
205 1350 265 1410 lere
277 1357 373 1411 aetate
386 1350 438 1423 (lX
452 1350 524 1431 169)
536 1352 685 1432 pretiosus
700 1352 791 1414 fuisse
804 1370 866 1413 non
880 1351 995 1413 videtur
1009 1351 1067 1413 nisi
1080 1351 1262 1425 Rhodiacus3

119 1448 174 1509 hoe
200 1448 290 1525 igitur
317 1458 363 1509 est
389 1468 442 1510 cur
462 1450 588 1511 maxime
610 1450 700 1513 falsus
716 1451 839 1513 Ovidius
863 1455 971 1514 nostris
996 1455 1153 1531 locopnitus
1178 1453 1265 1512 undis

117 1547 276 1620 addiderit3
298 1566 368 1610 nam
391 1548 549 1610 Columella
572 1567 692 1630 quoque
716 1569 779 1630 cap.
799 1550 847 1623 16,
863 1547 898 1610 9:
932 1570 992 1612 κοιι
1021 1554 1095 1612 enim
1126 1555 1158 1611 ιἰι
1188 1554 1267 1612 οιυιιιΙ

117 1646 213 1724 inquit
239 1649 315 1706 muri
335 1656 426 1726 potest
453 1650 545 1708 omnia
567 1665 625 1708 esse
648 1659 680 1709 ut
695 1647 790 1728 helops
805 1653 855 1728 poi
868 1648 1025 1727 Pamphilio
1044 1649 1196 1728 profundo
1212 1667 1264 1709 aee

116 1745 173 1804 olio
193 1748 335 1824 praetura
358 1754 387 1806 at
409 1751 513 1806 contra
528 1745 737 1808 drehestratus
760 1745 830 1808 olim
854 1746 965 1808 clarum
988 1746 1113 1808 habebat
1134 1755 1165 1807 et
1186 1747 1263 1825 apud

117 1845 233 1903 Cretam
264 1843 454 1922 reliquasque
483 1844 596 1904 insulas
622 1852 652 1904 et
678 1844 831 1924 Syracusis
862 1853 998 1924 captum3
1034 1845 1152 1925 scripsit
1182 1845 1264 1905 enim

118 1942 234 2017 (Athen.
252 1939 313 2001 399
327 1940 362 2018 Ε)
378 1940 417 2003 ita
433 1941 509 2003 lere:

217 2085 275 2149 τὸν
297 2082 330 2149 δ’
354 2083 449 2150 ἔλοπ’
473 2084 557 2150 ἔσθε
577 2085 725 2170 μάλιστα
746 2085 974 2172 Συρακούσαις
996 2086 1045 2152 ἐνὶ
1068 2087 1215 2163 κλειναῖς

217 2181 274 2247 τόν
295 2207 332 2262 γε
354 2182 622 2268 κρατιστεύονθ’·
646 2178 741 2259 οὗτος
755 2183 819 2271 γολρ
843 2182 885 2250 αὖ
908 2186 998 2251 ἔστιν
1020 2186 1153 2251 ἐκεῖθεν

216 2281 276 2365 τήν
297 2278 398 2368 ἀρχὴν
419 2284 571 2362 γεγονώς,
595 2282 722 2348 ἔνθεν
744 2283 806 2348 κᾶν
827 2283 847 2370 ἢ
871 2286 948 2372 περὶ
970 2282 1090 2370 νήσους

216 2377 236 2463 ἢ
258 2383 336 2464 περὶ
358 2376 421 2465 τήν
442 2379 543 2466 ἄλλην
566 2403 632 2446 που
656 2375 724 2468 ἁλῷ
747 2385 807 2468 γῆν
829 2382 849 2466 ἢ
871 2384 949 2469 περὶ
976 2382 1114 2470 Κρήτην,

216 2476 336 2553 λεπτὸς
358 2479 413 2542 καὶ
437 2479 566 2564 στερεός
588 2480 644 2544 καὶ
667 2479 882 2566 κυματοπλὴξ
902 2481 1108 2568 ἀφικνεῖται,

118 2629 167 2690 ubi
189 2625 289 2692 ἔνθεν
310 2630 489 2712 interpretor
512 2641 693 2713 quopropter.
738 2633 876 2696 Surrenti
906 2633 998 2714 magis
1027 2642 1130 2716 eaptus
1161 2633 1264 2712 helops

117 2728 212 2789 Ennio
228 2730 370 2815 placebat.
403 2730 519 2792 Adsunt
541 2731 631 2793 etiam
646 2733 723 2812 apud
739 2733 909 2795 Marcellum
932 2731 1050 2807 ἔλοπος
1065 2754 1091 2794 v.
1111 2733 1160 2806 12,
1182 2731 1263 2794 atah

118 2825 250 2906 Oppiano
272 2829 462 2901 omittuntur,
485 2829 536 2909 qui
557 2831 657 2909 potius
671 2831 767 2910 pisces
783 2848 887 2892 omnes
903 2832 988 2895 docta
1007 2832 1124 2913 loquela
1140 2827 1264 2901 ἔλοπας

118 2935 200 2986 uocat
215 2926 240 2986 ll
256 2923 328 2996 658,
345 2927 383 2987 el.
395 2927 487 2989 schol.
503 2927 538 2989 ad
554 2928 572 2988 l.
589 2937 619 2990 et
633 2930 741 2991 Athen.
753 2948 782 3009 p.
796 2927 857 2991 308
870 2930 902 3002 B,
915 2929 937 2991 C
952 2929 1070 3009 (similia
1086 2928 1263 3008 Hesychius)

117 3033 146 3084 et
168 3024 348 3086 Nicandrum
365 3024 408 3086 Al.
424 3045 450 3087 v.
467 3024 540 3088 481.
580 3027 650 3088 ldeo
677 3028 781 3107 helops
807 3028 886 3090 idem
913 3048 979 3091 esse
1004 3027 1153 3091 ferebatur
1173 3035 1264 3108 atque

117 3123 233 3185 anthias
248 3123 367 3202 (Athen.
384 3123 505 3204 2821)),
529 3124 610 3186 idern
636 3125 787 3188 ferebatur
812 3127 900 3188 etiam
927 3122 1109 3205 κάλλιχθυς
1128 3145 1184 3189 nec
1203 3144 1263 3187 nou

117 3217 353 3303 καλλιώνυμος,
375 3223 428 3284 sed
451 3223 649 3285 differentiam
665 3225 841 3303 agnoscebat
856 3225 969 3288 llorion
993 3226 1073 3301 (hth.
1089 3226 1106 3286 l
1123 3225 1165 3301 l).
1202 3225 1262 3286 Ex·

118 3322 257 3382 stiterunt
294 3321 382 3383 ctiam
416 3322 467 3402 qui
502 3322 632 3384 eundem
661 3341 726 3385 esse
762 3323 1023 3405 acipenserem
1059 3325 1263 3386 Romanorum

119 3420 345 3490 existumarent,
371 3430 489 3483 auctore
515 3439 577 3483 non
604 3422 700 3483 solum
722 3422 818 3483 Plinio
833 3423 873 3484 lX
889 3423 929 3485 60
956 3424 1007 3486 sed
1035 3423 1123 3486 etiam
1145 3423 1262 3503 Apione

118 3515 153 3579 ἐν
177 3519 223 3600 τῷ
251 3517 328 3600 περὶ
354 3520 410 3601 τῆς
431 3514 585 3583 Ἀπικίου
611 3520 735 3604 τρυφῆς
755 3522 863 3584 Athen.
883 3543 912 3603 p.
928 3520 991 3584 294
1004 3523 1041 3597 Ε;
1064 3531 1166 3585 contra
1188 3523 1260 3585 adeo

119 3635 169 3676 eos
199 3616 331 3678 diversos
357 3618 466 3681 latinus
492 3626 578 3699 poeta
604 3620 714 3682 indicat
740 3628 773 3682 ut
799 3621 946 3702 pelagium
972 3623 1108 3696 alterum,
1136 3622 1261 3684 alterum

118 3714 159 3793 (r.
177 3713 249 3789 134)
273 3715 373 3778 herbis
388 3717 545 3797 arenisque
560 3719 718 3781 laetantem
735 3719 853 3791 scribat,
876 3720 964 3783 simul
987 3729 1086 3784 tamen
1103 3728 1262 3801 utrumque

119 3813 206 3874 undis
229 3813 321 3892 magis
343 3815 507 3894 peregrinis
528 3816 674 3894 nobilem3
696 3827 784 3898 atque
806 3826 993 3900 postremum
1010 3821 1066 3882 hoe
1081 3839 1119 3883 ne
1135 3820 1262 3892 mireris,

117 3912 325 3974 drehestratus
340 3915 418 3994 apud
433 3915 539 3977 Athen.
556 3915 617 3977 294
631 3917 653 3977 Ε
669 3916 700 3978 ἰιι
715 3920 866 3998 praeclara
882 3918 1089 3983 observatione
1113 3920 1259 3982 caenatica

118 4013 276 4074 mustelam
318 4011 459 4090 (γαλεὸν)
500 4015 630 4095 aliquam
672 4016 792 4080 Rhodi
828 4025 943 4098 captam
980 4026 1011 4080 et
1047 4019 1154 4081 dictam
1191 4018 1261 4080 elias

119 4104 273 4174 ἀλώπεκα
302 4111 422 4191 (Athen.
444 4110 505 4174 295
523 4115 560 4191 Α)
598 4115 722 4177 eandem
759 4135 825 4178 esse
854 4117 926 4179 dicit
954 4136 1043 4197 quam
1079 4111 1262 4200 ἀκιπήσιον

118 4209 334 4285 Romanorum3
370 4211 440 4273 hinc
468 4211 559 4292 igitur
588 4213 658 4275 satis
687 4214 849 4276 dilucidum
879 4216 927 4285 nt,
957 4234 1010 4277 cur
1039 4217 1127 4278 etiam
1157 4216 1261 4295 helops
1319 4269 1322 4275 .

119 4307 213 4368 Plinio
230 4309 355 4370 maxime
381 4309 518 4372 laudetur
544 4310 751 4374 erodiacus
768 4313 879 4393 qnippe
893 4313 1008 4393 positus
1022 4333 1075 4395 pro
1091 4315 1261 4395 acipensere

118 4404 234 4490 γαλεῷ,
260 4409 311 4469 sed
339 4409 427 4471 etiarn
454 4411 483 4471 id
507 4410 667 4490 explicatur
681 4430 735 4472 eur
761 4411 860 4474 herbis
875 4413 969 4492 magis
991 4422 1021 4476 et
1040 4431 1147 4477 arenae
1170 4433 1261 4495 quam
