2962 5010
632 297 854 360 ..gp-

173 471 251 550 quod
276 470 321 531 his
351 471 473 551 ponitur
506 471 587 533 nullo
622 473 677 532 alio
710 471 896 552 interposito,
930 473 1017 552 quale
1040 480 1086 533 est
1109 481 1139 534 et
1161 471 1231 533 illud
1253 475 1314 532 iam

168 573 280 649 tamque
303 569 400 630 ethis
424 568 544 630 similia:

269 681 336 742 Met.
352 679 416 742 XIV
435 678 509 741 183:
537 681 683 761 Tempora
713 682 755 744 sic
782 681 901 760 fugiunt
927 681 1038 761 pariter
1067 682 1237 762 pariterque
1262 701 1312 743 se-

1086 787 1208 842 uuntur.

267 874 335 937 Met.
350 846 482 938 111580:
505 878 559 939 ede
581 885 666 940 tuum
691 896 800 940 nomen
824 896 996 958 nomenque
1018 798 1187 958 parqentum.

268 975 337 1035 llet.
353 974 366 1033 Ι
381 973 457 1034 642:
481 983 511 1036 at
531 975 579 1037 illa
602 986 718 1055 patrem
740 975 875 1056 sequitur
889 973 1092 1056 'sequiturque
1115 995 1244 1037 sorores.

267 1073 334 1134 Met.
352 1072 505 1134 vl11292:
535 1093 603 1149 area⁴
628 1074 737 1136 frustra
760 1075 797 1135 Et
823 1075 935 1136 frustra
959 1083 1116 1155 expectant
1132 1120 1138 1134 .
1156 1120 1162 1135 .
1180 1119 1188 1136 .
1205 1074 1311 1137 horrea

268 1171 335 1232 Met.
358 1170 395 1230 Vl
421 1171 495 1232 193:
526 1172 599 1234 Sum
628 1173 696 1234 lelix
723 1173 808 1252 (quis
837 1172 918 1234 enim
951 1182 1040 1252 neget
1074 1173 1155 1247 hoc)¹
1182 1173 1313 1253 felixque

1084 1270 1210 1333 manebo

268 1367 336 1428 Met.
353 1368 378 1427 ll
397 1367 470 1430 108:
495 1369 554 1442 Qui
576 1368 717 1431 citharam
740 1369 837 1431 nervis
861 1378 891 1431 et
912 1369 1009 1430 nervis
1032 1377 1179 1450 temperat
1199 1387 1309 1430 arcum.

266 1464 334 1526 Met.
349 1466 403 1527 Xll
418 1467 496 1528 609:
518 1476 645 1530 armarat
667 1469 739 1529 deus
761 1468 841 1528 idem
863 1467 1003 1548 idemque
1026 1478 1181 1529 cremarat.

268 1564 304 1624 cl.
322 1564 427 1643 Vergili
445 1565 506 1627 Vlll
521 1564 597 1627 649:
621 1566 787 1644 indignanti
806 1565 933 1626 similem
955 1566 1141 1646 similemque
1163 1565 1289 1626 minanti

268 1670 296 1723 et
311 1662 429 1724 Lucreti
444 1664 469 1724 ll
487 1665 563 1725 106:
587 1665 689 1727 Cetera
706 1663 856 1726 dissiliunt
879 1666 966 1743 longe
981 1667 1128 1745 longeque
1148 1671 1310 1736 recursant,

268 1768 297 1820 et
312 1762 449 1842 Properti
464 1763 504 1823 lll
521 1764 570 1837 12,
589 1763 644 1826 13:
669 1765 702 1825 ln
725 1783 774 1826 me
796 1766 853 1826 tela
873 1772 993 1826 manent
1018 1773 1118 1826 manet
1140 1773 1169 1825 et
1191 1763 1310 1844 puerilis

1112 1882 1209 1943 imago
1253 1890 1256 1896 ·
1310 1900 1312 1903 -

53 2044 56 2050 Δ
166 1956 205 2016 ita
230 1966 263 2017 ut
285 1977 376 2040 paene
400 1960 515 2022 mireris
537 1961 624 2022 ¹ctiam
648 1961 715 2022 talia
737 1969 772 2023 ut
793 1963 892 2023 Amor.
910 1963 967 2036 12,
984 1963 1022 2022 41
1047 1962 1117 2039 legi:

267 2055 311 2116 Tu
333 2057 440 2136 pinnas
463 2077 588 2137 gemma,
611 2077 728 2137 gemma
752 2059 881 2122 variante
900 2061 1030 2140 capillos.

167 2166 263 2245 Atque
285 2168 344 2228 hoc
365 2169 427 2231 lere
450 2171 539 2232 etiam
560 2172 642 2232 locus
664 2171 712 2232 ille
735 2172 865 2251 pertinet
887 2171 918 2233 in
942 2172 1008 2233 Met.
1025 2171 1048 2231 X
1066 2170 1144 2232 200:

804 2284 884 2345 nisi
907 2283 931 2344 si
953 2284 1060 2345 lusisse
1081 2283 1209 2345 vocari

267 2376 378 2456 Culpa
403 2387 539 2458 potest,
568 2380 642 2442 nisi
672 2384 777 2462 culpa
798 2389 922 2462 potest
946 2391 979 2443 et
1001 2402 1114 2444 amasse
1138 2381 1274 2443 vocari.

167 2524 245 2598 Quid
270 2538 338 2582 vero
363 2522 398 2581 de
421 2521 529 2583 Tibulli
547 2541 639 2593 ‚versu
662 2523 741 2585 dices
763 2524 821 2595 17,
837 2524 878 2584 49
901 2543 990 2603 quem
1014 2524 1123 2585 edunt:

267 2624 333 2684 lluc
354 2624 423 2684 ades
447 2631 475 2684 et
497 2626 617 2702 genium
641 2626 710 2686 ludo
733 2626 912 2707 geniumque
934 2627 1050 2688 choreis
1074 2618 1277 2709 Concelebra?

166 2739 265 2799 blirari
289 2755 342 2815 ego
366 2736 519 2797 nonsatis
542 2756 749 2815 possumnon
779 2738 854 2799 ludis
877 2747 996 2817 poetam
1020 2739 1071 2799 sed
1102 2739 1169 2800 ludo
1192 2736 1308 2797 dixisse.

166 2835 328 2916 Singularis
343 2852 487 2895 numerus
510 2835 625 2896 alienus
648 2836 672 2896 is
696 2844 727 2896 ct
749 2835 785 2896 ah
801 2836 904 2897 Ovidio
926 2840 1008 2912 (nam
1025 2837 1093 2898 blet.
1110 2835 1136 2895 X
1153 2834 1213 2896 182
1230 2835 1310 2895 tusas

165 2936 337 3013 legendum)
361 2941 392 2993 et
413 2953 429 2993 a
452 2933 618 3012 Propertio,
650 2933 717 3012 qula
737 2934 818 3007 diem
840 2935 968 2994 natalem
994 2952 1053 3001 uno
1076 2931 1217 2994 celebrari
1239 2930 1309 2992 ludo

159 3035 258 3115 'paene
289 3031 445 3093 ridiculum
476 3041 535 3105 est,
569 3049 612 3093 ne·
633 3031 665 3092 in
700 3032 848 3093 Tibullum
879 3032 999 3111 quidem
1022 3031 1215 3093 inculcandas
1244 3029 1308 3090 luit.

165 3133 245 3194 Libri
267 3132 307 3193 ita
331 3130 448 3210 potius:

265 3231 331 3291 Huc
352 3228 419 3289 ades
444 3236 474 3288 et
494 3237 613 3289 centum
637 3229 722 3291 ludos
746 3229 927 3309 geniumque
949 3228 1063 3290 choreis
1087 3227 1272 3289 Concelebra.

166 3331 267 3410 ltaque
290 3327 394 3389 accidit
422 3344 543 3387 sensum
577 3337 710 3407 apertum
733 3328 788 3388 viri
811 3326 920 3389 summi
944 3334 976 3388 ut
1000 3345 1060 3387 non
1084 3326 1227 3388 viderent.
1273 3326 1309 3386 Et

166 3429 248 3489 ludos
271 3426 412 3487 celebrare
435 3424 620 3486 sollemniter
647 3426 754 3486 dicitur
783 3435 812 3486 et
834 3425 960 3486 chalem
984 3424 1134 3504 (qoniam)
1157 3425 1308 3498 celebrare,

165 3527 242 3587 sicut
258 3523 382 3584 Ovidius
399 3541 435 3582 ex
449 3523 545 3583 Ponto
562 3524 597 3583 lV
614 3523 642 3597 9,
661 3523 736 3584 116:
760 3522 887 3583 notabat
910 3522 983 3583 lodis
1004 3526 1053 3583 scit
1076 3522 1230 3583 celebrare.
1264 3525 1308 3582 An

165 3642 234 3683 vero
262 3624 297 3684 ἓν
327 3619 386 3682 διὰ
414 3619 511 3682 δυοῖν
540 3619 697 3681 enuntiare
726 3638 787 3681 non
815 3619 920 3680 licebat
944 3619 1059 3680 Tibullo
1091 3619 1168 3694 (vide
1192 3620 1309 3682 bisseni

164 3721 254 3800 praef.
271 3739 299 3799 p.
317 3716 476 3800 CLXXV)‘?
499 3719 609 3779 Vellem
630 3717 719 3796 igitur
739 3716 841 3797 aliquis
858 3717 891 3777 ad
912 3716 1007 3796 legem
1023 3718 1197 3780 attendisset
1213 3719 1309 3780 mani-

164 3819 352 3880 festissimam
376 3817 548 3889 hexametri,
576 3835 632 3895 qua
659 3816 726 3877 hina
743 3815 934 3876 ‘hemistichia
963 3817 1095 3878 ornanda
1120 3817 1151 3877 in
1173 3817 1233 3878 line
1256 3837 1307 3878 cu-

164 3917 305 3977 rabantur
326 3915 447 3977 vocibus
476 3933 567 3976 sensu
599 3914 768 3992 iungendis:
803 3915 883 3993 quod
906 3915 1062 3977 artificium
1084 3923 1115 3977 et
1148 3916 1179 3976 in
1203 3915 1307 3995 quinto

165 4034 284 4094 quoque
307 4015 478 4075 hexametro
507 4012 595 4092 primi
626 4012 693 4073 libri
716 4012 874 4074 Tibulliani
902 4032 1058 4076 occurrere
1085 4021 1115 4073 et
1137 4013 1213 4091 apud
1238 4013 1309 4073 ahos

165 4115 258 4174 multo
282 4112 370 4173 etiam
391 4111 515 4191 spissius
532 4111 752 4173 observavimus
769 4110 823 4188 (hd
839 4111 908 4172 hist.
925 4112 990 4173 hex.
1005 4131 1033 4191 p.
1051 4111 1121 4186 5113
1143 4109 1308 4188 iungendae

165 4211 255 4289 igitur
288 4211 446 4290 choreae
479 4219 628 4272 centum
663 4219 734 4271 sunt
764 4229 797 4271 ea
824 4211 938 4272 ratione
967 4227 1023 4287 qua
1045 4206 1166 4268 Ovidius
1190 4208 1309 4287 scripsit

165 4309 232 4369 blet.
248 4309 314 4370 Xlll
331 4308 410 4370 952:
440 4307 560 4371 Pectora
581 4309 747 4388 fluminibus
768 4309 869 4384 iubeor
890 4324 1048 4388 supponere
1071 4317 1196 4379 centem,
1218 4315 1308 4385 atque

164 4407 303 4468 Martialis
332 4407 356 4468 ll
385 4408 431 4482 14,
457 4407 490 4470 9;
525 4407 595 4469 lude
623 4412 695 4488 petit
727 4417 839 4468 ceratum
868 4407 1021 4486 pendentia
1053 4415 1126 4465 tecta
1159 4405 1307 4466 columm's.
