2962 5010
623 303 846 367 ..79-

249 481 411 562 Sequentia
432 481 469 542 de
483 498 635 543 scarorum
650 480 790 542 societate
805 497 880 560 quae
896 487 987 558 agunt
1002 481 1037 541 ab
1054 487 1181 560 utroque
1202 479 1306 540 eodem

167 581 258 643 modo
281 581 501 659 adiunguntnr3
523 587 611 658 atque
633 579 673 640 ite
697 577 847 658 Oppianus
863 580 898 641 lV
915 580 971 641 56:

266 674 304 740 oi
329 675 372 739 δέ
397 671 740 759 μινείςορόοιντες
765 671 918 758 ἀμήχανα
943 672 1154 749 δινεύοντα

266 773 409 847 ἔκτοδενΙ
425 771 604 838 ἀντιόωσιν
632 765 787 856 ἀρηγόνες
817 768 889 835 οὐδ’
920 771 1075 838 όλίποντο

265 871 504 956 τειρόμενον·
532 875 587 934 καί
609 868 676 935 πού
702 894 761 945 τις
787 868 852 954 ἑήν
878 867 993 956 ὤρεξε
1018 871 1165 953 διασχών

266 966 382 1055 οὗρην
408 967 484 1054 ίμίτε
508 970 602 1053 χεῖρα
626 969 743 1051 λαβεῖν
769 967 928 1034 ἔντοσθεν
956 967 1111 1055 ἑταίρῳ·

265 1065 370 1152 αὐτὰρ
399 1064 417 1133 δ
447 1066 520 1140 δάξ
547 1066 607 1150 μὲν
637 1066 773 1151 ἔρεισεν,
804 1065 822 1132 ὁ
851 1065 884 1133 δ’
908 1067 1084 1134 ἔσπασεν
1113 1068 1208 1143 dudae
1237 1066 1307 1141 ἔξω

267 1163 367 1250 οῧρῆν
391 1162 565 1250 ἤνητειραν
590 1162 656 1229 ὑπό
685 1165 792 1249 στόμα
817 1165 941 1250 δεσμόν
963 1167 1093 1248 ἔχοντα·

267 1258 411 1328 πολλάκι
441 1262 479 1327 ’δὲ
507 1259 783 1348 προβαλόντες
812 1263 878 1348 ἑὴν
908 1264 1097 1330 ἔντοσθεν
1126 1262 1287 1339 ἁλόντος

267 1359 385 1481 οάρην
414 1359 530 1436 ἀλλος
560 1360 719 1447 ἔμαρψε
747 1363 813 1425 καὶ
842 1358 1047 1448 ἐξείρυσσε
1076 1360 1224 1446 θόραζε

199 1459 464 1543 ἑσπόμενον·
490 1461 633 1536 τοιοϊςδε
659 1458 801 1544 νοήμασι
824 1460 954 1545 πότμον
976 1460 1108 1539 ἄλυξαν

167 1562 278 1625 Eodem
301 1561 478 1623 Plutarchus
499 1561 539 1622 ita
562 1580 591 1640 p.
607 1560 668 1621 977
681 1559 718 1622 C:

193 1704 196 1709 ·
267 1652 382 1723 οὗτοι
404 1658 442 1722 δὲ
456 1660 513 1722 καί
527 1668 614 1732 τοῖς
630 1659 686 1732 είς
706 1655 846 1739 κύρτον
865 1655 1088 1741 ἐμπεσοῦσι
1107 1655 1175 1729 τὰς
1191 1651 1309 1739 οάράς

266 1755 518 1842 παραδόντες
544 1756 703 1830 ἔξωθεν
727 1754 886 1819 ἕλκουσι
906 1754 1128 1829 δάκνοντας
1147 1750 1308 1836 προθυ-

267 1877 363 1939 μους
381 1857 439 1920 καὶ
459 1853 757 1935 συνεξάγουσιν,
777 1889 821 1900 -
840 1856 900 1918 nisi
920 1856 999 1937 qu'od
1019 1855 1109 1917 etiam
1129 1872 1221 1935 pauca
1236 1855 1309 1915 haec

267 1956 442 2019 Plutarchus
471 1956 639 2037 praemisit:
673 1949 775 2016 Ἄλλοι
809 1952 847 2015 δὲ
880 1951 1109 2017 ἐπιδείκνυται
1138 1949 1221 2034 μετά
1249 1952 1308 2012 τοῦ

267 2055 404 2127 Ισυνιποῦ
428 2054 466 2117 τό
490 2049 683 2118 κοινωνικόν
704 2051 760 2114 καὶ
779 2051 818 2116 τό
839 2043 1046 2134 φιλάλληλον
1061 2046 1168 2131 ὥςπερ
1186 2045 1307 2112 ἀνθίαι

267 2151 323 2214 καὶ
337 2148 464 2234 σκάροι.
510 2148 655 2235 σκάρου
681 2149 741 2233 μὲν
760 2149 822 2234 νάρ
848 2144 1062 2234 ἀνκιστρον
1087 2144 1308 2212 καταπιόν-

162 2286 165 2291 ·
266 2270 330 2323 τος
349 2245 388 2311 οἱ
407 2247 600 2333 παρόντες
619 2247 760 2332 σκάροι
780 2246 1095 2332 προςαλλόμενοι
1115 2247 1174 2331 τη“ν
1189 2242 1309 2328 ὁρμιάν

266 2346 589 2430 άποτράγουσινς
614 2368 690 2429 quae
705 2349 793 2410 etiam
810 2349 889 2428 apud
904 2348 1072 2429 Oppianum
1085 2357 1156 2408 sunt
1167 2348 1203 2410 lv
1215 2366 1241 2408 v.
1254 2345 1305 2419 43,

267 2454 302 2508 ut
323 2447 458 2519 diximus
486 2447 537 2508 ubi
561 2444 706 2509 πολλάκι
733 2444 955 2529 πληγέντος
977 2443 1043 2509 υπ’
1065 2439 1307 2526 ἀγκίστροιο

267 2540 382 2616 ἀλλος
408 2541 576 2618 ἀπαΐξας
601 2542 774 2628 πρόμαχος
801 2543 946 2627 σκάρος
976 2541 1138 2608 ὀδοῦσιν
1167 2539 1309 2625 δρμιην

266 2637 471 2724 ἀπέκερσε.

253 2739 391 2802 ovidiana
417 2745 520 2802 autem'
542 2747 604 2803 tam
631 2759 721 2821 prave
747 2748 884 2822 corrupta
912 2742 997 2804 verba
1023 2743 1055 2804 in
1075 2763 1099 2804 v.
1121 2743 1159 2803 15
1172 2761 1247 2824 sollo
1275 2751 1309 2805 nt

167 2839 320 2900 emendata
336 2838 503 2902 describere
515 2839 654 2906 nondum
670 2841 768 2902 liceat:

267 2936 456 3011 Quinetiam
480 2938 504 2999 si
526 2935 604 3000 forte
626 2938 730 3019 aliquis
753 2939 876 3018 dampro
900 2944 1014 3000 nataret

257 3035 345 3121 ,Mitis
365 3036 528 3099 luctantem
551 3054 651 3099 scarus
673 3036 754 3099 hunc
775 3037 807 3098 in
827 3036 937 3098 vimine
958 3037 1040 3110 vidit,

266 3132 369 3215 boensi
391 3134 515 3197 caudam
538 3152 641 3197 morsu
663 3118 745 3196 tenet
767 3142 856 3215 atque
878 3134 929 3196 lita

268 3228 345 3293 Uber
366 3240 483 3294 servato
506 3252 596 3313 quem
620 3232 694 3294 texit
717 3251 774 3312 que
795 3231 927 3294 resultet.

167 3325 279 3390 'lamen
304 3326 362 3391 hoc
377 3327 495 3409 quidem
521 3331 621 3393 statim
648 3331 752 3405 elucet,
779 3329 854 3392 scari
874 3347 942 3391 cunr
957 3327 1091 3408 Oppiano
1111 3335 1230 3391 auctore
1251 3329 1309 3390 du-

166 3426 235 3507 plici
253 3416 299 3490 viu
318 3426 428 3515 riunire
448 3447 566 3491 scarum
585 3428 720 3502 liberent,
742 3447 844 3490 earum
864 3428 984 3491 alteram
1006 3425 1126 3506 quidem
1148 3426 1309 3489 clarissime

167 3524 261 3605 repeti
284 3546 300 3587 a
319 3524 493 3598 Plutarcho,
519 3527 640 3590 alteram
664 3532 694 3587 et
718 3526 836 3607 quidem
857 3526 1053 3607 posteriorem
1074 3523 1157 3605 (inde
1179 3544 1240 3605 an
1256 3524 1309 3607 62)

166 3621 272 3685 afalso
287 3623 400 3686 Ouidio.

162 3767 186 3799 ·.
253 3719 395 3801 Superest
424 3730 459 3785 ut
487 3721 642 3784 lectionem
673 3741 821 3785 curemus.
864 3723 902 3784 Et
931 3722 1050 3802 qrddem
1076 3722 1165 3783 verba
1190 3725 1218 3782 si
1241 3723 1311 3784 cidit

167 3818 278 3898 optime
292 3823 472 3901 respondere
490 3820 624 3902 Oppiano
645 3830 767 3901 apparet
781 3820 833 3902 qui
846 3821 936 3882 habet
956 3815 989 3882 οἳ
1013 3816 1050 3882 δέ
1064 3839 1123 3901 μιν
1138 3817 1309 3901 εἰςυρόοιν-

165 3940 226 3990 τες.
257 3920 330 3980 ltem
352 3920 450 3982 mitis
466 3939 567 3982 scarus
592 3937 654 3980 non
675 3927 780 3999 sponte
796 3919 913 3992 dicitur,
934 3918 987 3980 sed
1007 3918 1074 3997 quia
1094 3925 1196 3979 auctor
1210 3917 1258 3978 ille
1274 3936 1310 3979 ex

166 4036 225 4096 quo
240 4017 297 4080 ista
311 4019 423 4081 llorere
435 4018 536 4081 mitem
548 4037 664 4079 scarum
677 4036 742 4079 esse
757 4026 785 4078 st
800 4012 1004 4097 φιλάλληλον
1015 4014 1065 4093 (cf.
1079 4014 1205 4094 Oppiani
1217 4034 1241 4075 v.
1255 4014 1309 4088 lo)

165 4115 220 4177 hac
248 4116 417 4178 narratione
446 4116 629 4196 probaverat.
684 4115 745 4175 lani
775 4133 844 4175 vero
874 4113 907 4173 in
937 4131 962 4173 ι.
984 4114 1024 4173 15
1053 4129 1176 4191 regnare
1206 4111 1307 4173 Heinsi

165 4214 284 4293 aliquod
299 4221 481 4294 temptamen
494 4214 571 4276 solet
586 4214 667 4294 quod
680 4212 751 4273 fuit:
811 4243 814 4249 ·

367 4312 393 4374 si
415 4313 490 4374 forte
511 4311 617 4391 aliquis
640 4312 713 4372 dnm
734 4313 887 4388 praenotet
908 4314 988 4369 arcto

231 4486 238 4505 ἱ
266 4409 342 4472 blitis
365 4410 526 4474 luctantem
547 4427 648 4474 scam
671 4409 751 4472 hunc
772 4407 803 4469 in
825 4405 936 4469 vimine
957 4405 1045 4482 vidit3
