2962 5010
687 315 911 380 „52-

224 502 390 556 servaverat
410 493 579 573 impetrare,
600 491 757 553 ridiculum
774 487 974 570 Elpenorem?
1003 490 1114 551 Vellem
1129 491 1165 551 ad
1187 491 1245 551 boc
1264 498 1367 553 atten-

224 594 339 654 dissent
362 591 489 672 epyllion
510 591 562 671 qui
584 589 705 651 fabellas
728 589 820 650 aniles
844 599 873 649 et
895 589 1110 650 nutricularum
1133 583 1287 670 μυθάρια
1307 588 1367 649 iam

223 689 400 770 conquirere
422 709 458 750 ex
480 687 654 769 antiquitate
677 706 798 767 quoque
818 694 1023 766 susceperunt.
1067 686 1153 748 Tales
1177 704 1268 765 nugas
1291 705 1367 767 pue-

222 789 293 850 riles
315 807 442 868 puerum
464 787 593 848 maxime
623 787 728 848 decere
749 785 899 847 llaronem
928 783 1062 847 falsarius
1090 785 1205 864 putavit
1231 785 1283 846 sed
1310 785 1365 847 ob·

223 887 371 948 truncavit
393 886 509 958 misere,
533 894 566 946 ut
576 884 702 945 iniceret
716 883 984 963 praemonstrantia
999 901 1032 944 os
1048 883 1105 943 boe
1126 883 1263 945 futurum
1279 901 1366 961 gran-

222 985 388 1046 dissimum.
432 982 563 1044 Pastoris
598 982 686 1043 vitam
719 1000 772 1043 sua
797 981 861 1053 ,vita
894 981 1038 1041 cariorem
1068 979 1124 1041 sibi
1154 980 1239 1041 duxit
1265 981 1366 1056 culex3

220 1081 313 1160 pietas
336 1082 412 1142 valet
439 1081 516 1142 inter
539 1087 700 1159 utrumque
730 1088 759 1140 et
787 1097 841 1158 par
870 1078 1001 1140 officium
1025 1081 1062 1153 (v.
1085 1077 1156 1141 211.
1180 1078 1251 1139 225.
1275 1077 1365 1156 231);

221 1178 410 1240 memorabile
433 1179 549 1239 videtur
578 1178 658 1257 quod
689 1186 718 1238 et
749 1194 842 1237 senex
875 1183 904 1236 et
936 1175 1090 1237 inbecillus
1124 1184 1225 1255 pastor
1258 1176 1365 1237 dicitur

220 1279 260 1356 (v.
288 1275 378 1352 388);
423 1275 644 1339 memorabilius
673 1283 702 1335 et
732 1293 802 1335 sane
839 1292 928 1353 quam
972 1273 1080 1334 mirum
1114 1273 1184 1345 hoc,
1223 1275 1301 1353 quod
1332 1275 1364 1334 in

218 1382 281 1437 tota
304 1393 357 1436 sua
379 1374 513 1436 oratione
535 1375 620 1435 culex
645 1372 795 1434 tumulum
818 1388 879 1432 non
909 1372 996 1451 plane
1022 1372 1164 1450 postulat,
1193 1373 1243 1438 sed
1273 1371 1362 1433 etiam

219 1472 296 1552 apud
318 1472 430 1532 inferos
454 1471 604 1538 conscium
628 1478 778 1550 pastorem
794 1469 897 1530 adesse
922 1469 983 1530 vult
1005 1467 1043 1547 (v.
1062 1468 1138 1544 3783
1164 1468 1201 1529 cl.
1216 1469 1284 1532 illud
1305 1489 1364 1549 por

219 1570 348 1651 officiunt
370 1569 506 1648 v.231);
536 1586 713 1649 quamquam
743 1575 844 1646 postea
873 1565 1131 1646 quastbeneficio
1159 1566 1234 1628 laeto
1266 1566 1363 1629 vivere

217 1666 259 1729 illi
283 1667 420 1728 concedit
435 1666 522 1742 (383)
541 1676 570 1728 et
592 1666 763 1727 adornando
789 1664 904 1726 tumulo
921 1664 1006 1726 culici
1028 1671 1177 1743 pastorem
1193 1665 1363 1727 satisfacere

217 1774 304 1846 poeta
327 1765 430 1827 statuit
453 1783 527 1844 „Pro
550 1764 626 1826 vitae
643 1782 766 1824 munere
782 1762 896 1824 funeris
917 1760 1067 1823 officium‘
1084 1761 1180 1842 (414).
1214 1761 1257 1823 Ad
1278 1782 1361 1825 eom-

216 1862 401 1943 parationem
412 1881 484 1924 voco
496 1863 652 1941 anguillam
665 1862 744 1923 illam
755 1857 834 1940 apud
846 1860 1005 1921 Zenobiam
1019 1859 1055 1921 lV
1070 1860 1111 1920 64
1123 1879 1198 1940 quae
1210 1880 1226 1922 a
1238 1861 1363 1923 Cissami

217 1961 276 2022 Coo
299 1960 427 2022 debitam
440 1946 649 2023 'humationem
671 1960 810 2040 postulat,
831 1968 860 2020 et
881 1959 944 2038 ipsa
960 1958 1037 2020 sicut
1052 1958 1135 2019 culex
1157 1957 1231 2037 (Col.
1246 1979 1271 2020 v.
1288 1960 1361 2040 183)

217 2059 352 2120 alumnos
374 2060 509 2121 humoris.
555 2059 693 2137 Legimus
717 2057 814 2118 enim:
841 2059 1009 2138 Κίσσαμις
1035 2055 1136 2127 Κοῖος·
1166 2048 1259 2128 οὗτος
1281 2052 1361 2140 ἦνὸ

216 2155 505 2239 πολυθρέμματος·
528 2153 632 2239 τούτῳ
649 2154 754 2238 φασὶν
772 2151 905 2232 ἔγχελυν
920 2151 1186 2238 ἐπιφαινομένην
1200 2149 1274 2216 κατ’
1291 2153 1362 2228 ε’ἰος

215 2252 252 2316 τὸ
285 2252 463 2317 κάλλιστον
495 2253 561 2316 τῶν
593 2249 772 2335 προβάτων
805 2246 986 2333 ἁρπάζειν·
1020 2250 1076 2312 καὶ
1109 2250 1168 2313 τὸν
1194 2254 1362 2336 Κίσσαμιν

216 2346 377 2413 ἀνελεῖν
407 2346 546 2433 αὐτήν·
576 2351 835 2433 φαινομένην
865 2347 910 2412 δὲ
937 2344 1042 2434 αὐτῷ
1064 2345 1151 2412 κατ’
1175 2346 1270 2434 ὄναρ
1293 2374 1360 2412 κε-

213 2447 359 2511 λεῦσαι
382 2445 631 2531 καταθάψαι
654 2443 798 2531 αὐτήν·
825 2445 883 2511 τὸν
898 2444 941 2510 ’δὲ
963 2447 1006 2531 μή
1031 2446 1250 2531 φροντίζοντα
1272 2471 1360 2527 παμ-

213 2548 290 2630 νενῆ
312 2542 517 2608 ἀπολέσθαι.
562 2548 664 2627 ltaque
686 2548 842 2626 pleniorne
864 2546 962 2609 fabula
985 2546 1051 2608 talis
1073 2548 1135 2608 fere
1156 2549 1254 2610 luerat
1270 2552 1358 2620 'lnam

213 2663 286 2705 num
308 2645 397 2707 etiam
414 2644 632 2724 complicatiora
647 2645 765 2706 subsint
781 2646 898 2706 videant
913 2644 1060 2707 doctiores
1083 2645 1193 2726 quique
1211 2647 1356 2709 variorum

212 2744 390 2822 populorum
413 2743 533 2805 fabellas
557 2740 774 2824 conquirunt)?
799 2743 973 2804 Societatem
992 2743 1121 2805 inierant
1143 2753 1246 2823 pastor
1267 2765 1359 2806 senex

213 2850 243 2902 et
263 2842 347 2903 culex
368 2842 491 2918 animab
515 2849 694 2903 convenerat
715 2840 797 2902 inter
819 2841 931 2902 amicos
952 2840 1051 2903 vivere
1067 2860 1125 2903 una
1148 2851 1178 2902 et
1202 2860 1259 2904 una
1284 2844 1357 2903 mori

213 2946 243 2998 et
265 2940 342 3000 bona
364 2947 393 3000 et
415 2941 491 3001 mala
513 2957 573 3001 una
588 2940 650 3019 pati
673 2947 702 3000 et
726 2958 814 3019 opem
835 2940 914 3001 ferre
937 2939 1073 3001 invicem.
1106 2940 1167 3002 lam
1190 2947 1271 3002 tutos
1293 2940 1356 3002 dies

210 3036 295 3098 culex
323 3037 461 3116 degebam
488 3038 604 3100 bomini
634 3046 733 3100 autem
763 3038 828 3118 ipse
857 3038 988 3117 pericula
1010 3037 1235 3118 praenuntiabat
1256 3040 1357 3100 leviter

209 3141 362 3213 pungente
384 3136 495 3197 aculeo.
530 3136 642 3197 Accidit
664 3143 765 3197 autem
788 3153 849 3197 uno
873 3137 971 3216 aliquo
996 3136 1043 3197 die
1065 3145 1099 3197 ut
1121 3137 1357 3199 obdormisceret

208 3240 316 3312 pastor.
363 3233 437 3296 Eum
469 3234 519 3295 ubi
541 3233 648 3295 fortius
675 3234 781 3314 punxit
803 3235 934 3296 monitor
958 3234 1055 3295 bonus
1082 3235 1187 3295 misere
1210 3235 1355 3296 contritus

209 3338 297 3411 atque
310 3331 383 3393 adeo
399 3340 535 3394 mortuus
550 3333 702 3410 neglectus
718 3341 780 3407 est;
801 3339 918 3392 tantum
940 3333 1020 3393 enim
1036 3349 1161 3393 somnus
1176 3333 1299 3404 valebat,
1323 3341 1355 3394 ut

208 3429 336 3491 amicum
354 3447 443 3490 suum
466 3437 567 3508 pastor
590 3449 634 3490 ne
662 3430 821 3509 respiceret
842 3429 971 3506 quidem.
1016 3429 1152 3490 Proxima
1173 3448 1243 3489 vero
1266 3438 1355 3491 nocte

207 3526 313 3587 umbra
337 3526 438 3588 culicis
460 3534 611 3605 pastorem
640 3527 768 3606 impium
792 3527 985 3605 querimoniis
1008 3526 1094 3599 adiit,
1126 3527 1271 3606 pactionis
1301 3531 1355 3590 ad-

208 3625 333 3695 monuit,
355 3642 410 3703 pro
434 3643 560 3686 munere
582 3624 659 3686 vitae
680 3642 733 3703 par
756 3623 889 3684 officium
906 3625 1109 3704 expostulavit.
1146 3625 1227 3686 Haec
1249 3626 1351 3688 ultima

205 3723 294 3784 senis
309 3742 368 3785 nox
390 3723 462 3795 fuit;
483 3723 509 3784 si
532 3741 621 3803 quem
646 3722 726 3783 enim
748 3741 821 3783 voce
838 3723 1020 3802 compellunt
1034 3723 1204 3785 deliciarum
1228 3743 1349 3787 suarum

204 3839 325 3895 manes,
356 3840 410 3901 pro
439 3820 540 3881 omine
562 3821 666 3882 mortis
689 3821 774 3882 facile
794 3822 947 3883 habeatur.
993 3822 1091 3895 Quare
1112 3823 1256 3902 postridie
1279 3825 1349 3885 dum

202 3918 251 3978 ille
274 3918 424 3979 tumulum
453 3937 545 3980 manu
574 3920 664 3981 struit
691 3919 847 3993 imbecilla,
872 3920 974 3982 labore
1003 3929 1032 3982 et
1059 3922 1160 3982 dolore
1181 3922 1292 3983 fractus
1320 3930 1351 3982 et

205 4015 304 4076 subito
336 4023 488 4078 emortuus
517 4036 584 4078 esse
612 4018 707 4079 fertur
735 4019 821 4079 etin
850 4021 967 4081 tumulo
989 4021 1104 4099 positus
1134 4021 1198 4099 ipse
1221 4029 1250 4081 et
1272 4021 1348 4100 apud

206 4112 320 4175 inferos
344 4115 456 4177 deliciis
479 4116 542 4177 suis
565 4116 696 4177 adfuisse
721 4123 752 4178 et
767 4118 858 4179 ,testis
885 4126 914 4179 et
939 4118 1045 4179 vindex
1067 4127 1097 4178 et
1119 4117 1226 4179 socius.
1263 4117 1349 4179 Tales

201 4210 292 4289 igitur
325 4229 417 4291 nugas
448 4215 601 4292 parodicas
628 4218 690 4276 t'ere
719 4223 749 4276 et
776 4235 845 4277 sane
868 4235 958 4297 quam
980 4216 1122 4277 absurdas
1151 4212 1287 4294 quaeque
1311 4217 1348 4277 ad

203 4326 303 4387 regem
328 4310 533 4373 cantiunculas
554 4313 735 4375 Goetbianae
762 4315 908 4376 adsonant
931 4314 981 4394 qui
1007 4314 1135 4392 pulicem
1164 4321 1194 4373 et
1223 4313 1348 4376 babebat

201 4416 231 4467 et
252 4407 380 4483 amabat,
404 4410 429 4471 si
450 4410 506 4472 illis
530 4412 652 4473 saeculis
676 4413 845 4474 decantatas
868 4412 1009 4474 omnibus
1027 4411 1123 4472 fuisse·
1142 4413 1345 4483 statuerimus,
