2962 5010
624 325 842 389 ...22-

166 503 254 566 etiem
279 500 358 563 exire
380 503 467 576 foras,
485 501 522 562 'in
551 507 677 574 terram,
705 500 736 560 in
758 500 941 581 provinciam
970 500 1101 578 diuitum¹
1123 506 1152 563 at
1185 501 1308 564 emitti

165 620 229 712 per
245 600 393 663 uiscera
416 601 528 662 telum
550 616 613 661 non
629 599 721 678 magis
738 607 839 678 aptum
855 599 931 661 duco
947 616 1037 680 quem
1052 599 1078 661 si
1093 600 1159 680 quie
1174 599 1309 663 alicunde

165 699 202 762 in
224 699 269 760 vel
291 717 356 779 per
383 698 509 778 aliquam
532 698 655 760 domum
683 697 799 760 dicatur
826 697 940 759 exire.
983 697 1060 760 Ilinc
1086 697 1176 776 igitur
1198 699 1309 761 Iactum

166 805 199 860 ut
226 814 342 876 semper
365 797 493 860 scribere
523 796 623 891 mallet
645 795 723 865 Naso
748 796 891 879 demittere
911 797 1060 875 serrum
1047 815 1079 858 ιιι
1099 795 1150 858 ilio
1171 796 1238 858 Met.
1262 798 1309 870 IV,

168 895 244 971 1193
270 896 342 957 item
368 894 422 956 XII
448 893 530 967 436,
554 878 648 956 colem
675 896 707 956 ιἰι
737 911 834 955 ermes
862 892 925 954 XII.
955 893 1035 969 486·
1064 896 1181 974 ferrum
1211 895 1310 976 lupulo

51 1043 53 1047 ,
167 992 286 1056 Heroid.
308 992 383 1068 XIV,
406 993 441 1068 53
475 990 611 1054 similiter
633 1009 738 1054 census
769 991 802 1052 Ιιι
824 990 935 1054 viscera
958 988 1125 1055 demittitur
1146 984 1212 1053 liet.
1236 991 1309 1065 VIII,

166 1092 246 1165 837,
279 1110 406 1172 quocum
435 1093 471 1153 cf.
495 1089 729 1153 dioeceses.
772 1089 916 1170 Vergilius
937 1107 1007 1152 vero
1030 1090 1107 1152 hanc
1121 1090 1310 1158 locutionem

166 1189 329 1269 ignorabat
363 1189 456 1253 Omisi
472 1188 647 1251 ovidianum
671 1188 838 1268 exemplum
861 1206 954 1251 unum
978 1189 1058 1269 quod
1082 1196 1127 1251 est
1147 1189 1216 1251 blot.
1232 1188 1310 1261 ΙΙΙΙΙ,

168 1288 229 1349 694
259 1289 394 1369 soletque
416 1287 473 1366 legi
496 1287 541 1348 his
564 1286 764 1366 temporibus:

266 1411 344 1473 Ecce
366 1410 435 1473 facit
457 1409 562 1472 mediis
584 1418 669 1473 natas
693 1409 804 1473 Orione
826 1409 948 1483 Thebis,

268 1509 352 1570 Hanc
374 1527 435 1569 non
457 1508 619 1583 femineum
641 1507 742 1588 iugulo
767 1508 837 1569 dare
866 1508 973 1573 vulnus
996 1516 1110 1591 aperto,

255 1607 350 1668 Illam
373 1607 503 1668 demisso
526 1625 580 1686 per
601 1606 689 1668 fortia
698 1615 830 1689 pectora
854 1607 957 1680 telo„

271 1705 329 1764 Pro
352 1705 462 1784 populo
485 1703 625 1766 cecidisse
648 1723 703 1765 suo
725 1703 915 1785 pulchrisque
937 1723 990 1784 per
1006 1704 1112 1767 urbem

268 1801 473 1865 Funeribusf
472 1802 528 1863 erri
552 1801 751 1882 celebrique
741 1819 773 1863 ιιι
795 1808 879 1883 parte
901 1801 1049 1865 cremari

167 1910 239 1987 llire
262 1926 335 1987 baec
357 1925 442 1988 dicta.
487 1924 612 1988 Librarii
634 1931 707 2018 puto
731 1925 840 2007 aliquid
863 1925 934 1989 olim
956 1934 1158 2018 peccaverunt
1196 1890 1312 1990 Scilicet

167 2024 340 2109 bimembris
377 2024 524 2098 sententia
555 2031 602 2085 est
637 2010 688 2085 sed
725 2024 816 2107 altera
853 2024 1035 2086 claudicante
1073 2029 1156 2105 parte
1191 2026 1313 2089 Vulcani

167 2102 262 2183 instar
284 2140 373 2199 quem
395 2128 496 2184 tamen
516 2121 682 2183 deorum
657 2140 751 2182 rosum
775 2138 835 2182 non
859 2122 1014 2202 effugisse
1015 2123 1123 2185 lerunt.
1150 2124 1311 2203 Interpon-

168 2208 243 2298 gunt
265 2218 380 2281 curiose
408 2220 448 2281 ita
478 2228 511 2280 ut
533 2220 660 2283 cecidisse
685 2221 721 2281 ad
750 2219 856 2299 Οιιοιιι
881 2229 1008 2302 potest
995 2223 1113 2285 trahere
1141 2222 1310 2285 debeamus

168 2317 269 2409 Itaque
291 2316 419 2379 Alcon
410 2334 443 2379 m
470 2324 582 2379 cratere
605 2300 677 2379 duas
694 2317 812 2380 Orionis
834 2297 909 2380 filias
929 2319 1070 2382 cecidisse
1091 2320 1169 2394 lacit,
1189 2304 1311 2394 alteram

169 2404 297 2476 demisso
320 2434 374 2497 per
395 2421 515 2494 pectora
530 2415 659 2476 telo-
690 2414 817 2496 optime3
846 2415 968 2493 alteram
991 2417 1090 2497 Iugulo
1112 2418 1182 2481 dare
1203 2420 1312 2499 vulnus

168 2547 209 2558 -
232 2510 328 2592 quid?
357 2512 499 2576 cecidisse
521 2508 611 2581 daret
635 2532 703 2575 eece
725 2511 914 2595 claudicatio;
937 2514 1052 2576 dautem
1073 2514 1180 2577 culeus
1201 2535 1311 2597 aequa-

168 2610 266 2672 bilitas
278 2608 455 2690 p'ostulabat.
478 2609 578 2689 Itaque
591 2609 620 2670 id
634 2609 726 2690 magis
738 2610 865 2674 fortasse
876 2611 1004 2691 placebit
1014 2613 1180 2703 puellarum
1192 2615 1312 2700 alteram

163 2696 267 2788 ‘iugulo
289 2705 396 2768 vulnus
413 2707 491 2780 dare,
514 2708 634 2777 alteram
651 2707 709 2769 telo
732 2708 860 2769 demisso
876 2727 930 2790 pro
946 2709 1056 2790 populo
1069 2728 1125 2771 suo
1147 2690 1313 2794 cecidisse?

169 2809 354 2886 Quamquam
377 2806 456 2885 quod
478 2807 621 2889 populum
638 2824 696 2882 una
712 2813 830 2868 tantum
847 2808 976 2881 curabat,
991 2825 1051 2868 nou
1068 2808 1142 2870 bene
1158 2809 1223 2872 luit.
1232 2811 1312 2898 Sed

170 2890 252 2985 plura
287 2912 357 2966 sunt
390 2922 464 2983 quae
498 2904 651 2969 miremur
714 2904 755 2966 Ile
783 2904 921 2987 llenippa
951 2903 1155 2989 Metiocbaque
1181 2927 1229 2970 ιιι
1256 2892 1312 2973 est.

169 2990 236 3063 Non
263 3001 342 3064 idem
365 3002 509 3080 cogitent,
529 2986 622 3067 telum
645 3003 735 3064 altera
757 3002 874 3083 arripit,
904 3002 995 3066 altera
1017 3023 1076 3085 quo
1103 3015 1189 3118 paeto
1211 3007 1312 3120 iugale

169 3118 230 3177 non
253 3099 415 3162 femiaeum
438 3100 545 3167 vulnus
569 3101 620 3161 det
607 3100 759 3165 tsilentio
781 3101 871 3163 inerti
890 3105 1052 3183 premitur;
1074 3113 1104 3164 at
1124 3105 1176 3189 qui
1195 3105 1313 3181 ιιιΙιιΙ-

170 3218 249 3268 mam
272 3184 350 3260 hauc
371 3196 499 3260 fabulam
523 3206 640 3280 praeter
661 3200 809 3270 Nasonem
831 3202 958 3264 servavit
983 3184 1152 3264 Antoninus
1165 3202 1312 3269 Liberalis

169 3296 232 3383 cap.
248 3296 289 3355 25
306 3299 368 3357 nori
383 3295 496 3356 diuersa
519 3299 624 3369 niorto,
648 3297 700 3357 sed
722 3297 804 3358 radio
820 3297 938 3379 ιιιιΙΙιι
959 3305 1118 3379 utramque
1130 3316 1187 3381 ιιιο
1202 3299 1312 3413 populo

118 3479 120 3484 Ι
170 3413 224 3455 suo
258 3392 399 3455 cecidIsse
433 3381 519 3461 dicit:
554 3389 772 3465 ἕπάιαξαν“
756 3393 874 3468 εαιιτὰς
906 3394 967 3482 τῇ
978 3393 1102 3478 κερκίδι
1136 3393 1229 3479 παρὰ
1255 3394 1312 3480 τὴν

170 3487 286 3553 κλεῖδα
325 3485 380 3553 καὶ
418 3485 598 3574 ἆνέρῥηξαν
630 3488 689 3574 τὴν
722 3487 861 3575 σφαγήν.
910 3493 1030 3574 Itaque
1062 3492 1226 3571 Nicandreo
1265 3496 1312 3558 hio

171 3574 304 3670 ιιιιιιιιιιΙο
327 3597 446 3668 poetam
467 3588 593 3651 latinum
623 3608 712 3651 usum
736 3609 803 3655 esse
825 3580 983 3675 crederene
1012 3589 1205 3655 vetabimur?
1249 3595 1311 3657 Iam

170 3696 288 3769 tempus
315 3694 360 3749 est
387 3688 520 3750 animum
548 3696 582 3749 ut
609 3688 742 3755 advertas
770 3689 869 3755 omnia
899 3708 974 3770 quae
1001 3699 1103 3754 contra
1127 3691 1311 3755 Antoninum

170 3786 333 3849 Liberalem
349 3793 485 3867 pugnant
486 3784 514 3849 Ιι
472 3784 649 3847 texbibet
663 3785 747 3853 Naso
764 3803 825 3848 non
848 3787 962 3881 deberi
971 3788 1029 3852 nisi
1050 3789 1312 3880 interpolatoribus

171 3886 346 3964 sincereque
369 3880 538 3962 antiquitus
555 3881 627 3944 haec
647 3880 748 3964 potius
771 3883 880 3948 tradi:

271 4021 347 4082 Ecce
368 4019 439 4083 facit
461 4018 567 4082 mediis
589 4027 683 4082 netas
696 4020 806 4084 Orione
828 4022 952 4087 Thebis

259 4119 411 4198 *agmen
431 4118 595 4188 femineum
618 4119 720 4198 iugulo
743 4119 813 4182 dare
836 4122 942 4185 vulnus
966 4131 1065 4204 aperto

270 4216 362 4279 Illas
383 4216 516 4279 dimisse
538 4235 593 4296 per
613 4216 757 4281 inertia
780 4220 1012 4284 volnera-telo

270 4316 330 4377 Pro
352 4315 462 4394 populo
484 4314 626 4377 cecidisse
647 4336 701 4381 suo
729 4317 920 4398 pulchrisque
946 4338 1001 4398 per
1020 4319 1126 4383 urbem
1231 4331 1234 4337 '

272 4412 437 4477 Funeribus
463 4412 535 4476 terri
561 4433 622 4494 eqs.
