2962 5010
638 285 881 347 -181-

179 465 246 525 lam
263 481 332 524 vero
346 461 472 523 difficilia
490 471 665 541 supersunt3
688 481 751 522 uva
768 461 887 541 quidem
900 460 1034 522 adfertur
1049 459 1177 540 aquatile
1194 461 1243 534 (ef.
1255 460 1330 521 Plini

182 563 265 634 lll3;
280 559 501 642 ragelinum
517 559 660 637 viras),
678 560 804 640 aquatile
816 560 888 620 item
907 558 1076 620 cucumis
1088 558 1138 637 (cl.
1154 558 1227 619 Plini
1238 559 1278 619 lX
1287 559 1329 639 3),

182 662 275 724 nihilo
292 660 391 722 minus
406 677 460 739 pro
472 677 593 739 cyoopos
607 660 764 738 legendum
779 678 845 721 esse
861 655 979 741 κύνωψ
994 656 1073 739 qnod
1086 657 1202 737 plantae
1217 675 1329 718 nomen

182 769 227 822 est
241 778 303 820 non
320 757 455 838 aquatilis
471 776 532 818 non
549 758 710 819 admodum
726 759 798 820 certi
821 757 918 819 simile
939 755 1014 828 dico,
1038 774 1137 835 neque
1156 756 1246 817 nimis
1261 765 1329 836 apte
1443 787 1445 791 Α

182 860 227 922 rel
249 854 434 939 ὀνόπορδον
446 855 506 916 sive
518 856 623 917 similia
640 857 746 918 habeas
763 856 956 936 comparabis.
984 855 1059 917 Nori
1078 855 1186 936 aliquid
1205 857 1328 917 odoror:

182 975 331 1038 cynomyia,
354 956 435 1017 velut
448 973 615 1035 cynoseuua
632 954 720 1034 piscis
736 955 844 1017 dicitur
855 955 891 1017 ab
902 954 1053 1034 Epaeneto
1069 953 1147 1033 (hth.
1163 972 1192 1032 p.
1209 953 1270 1015 313
1283 953 1327 1034 B),

180 1057 371 1138 cynoglossos
397 1055 504 1116 hthen.
524 1073 552 1134 p.
576 1053 637 1114 288
656 1055 688 1114 B.
737 1053 849 1115 Polemi
883 1052 954 1113 Silvi
980 1053 1138 1114 laterculus
1167 1052 1246 1114 inter
1273 1072 1328 1114 na·
1427 1070 1432 1077 ·

180 1155 306 1217 cantium
322 1154 444 1216 nomina
461 1152 578 1214 exhibet
592 1156 746 1232 merdepa,
764 1152 843 1232 quod
859 1160 893 1215 ut
908 1153 1127 1215 dissolvendum
1143 1152 1260 1213 ridetur
1275 1170 1327 1232 per

171 1257 284 1316 ‘moris
306 1261 336 1314 et
358 1271 427 1334 opo,
460 1252 501 1313 ita
523 1260 624 1312 tamen
652 1268 714 1312 non
738 1251 927 1313 mediocriter
948 1251 1133 1313 coniecturae
1155 1269 1238 1312 meae
1260 1252 1324 1332 opi-

180 1354 300 1414 tulatur.
340 1352 417 1426 Quid
441 1370 510 1412 vero
533 1351 570 1410 de
593 1350 642 1411 illc
666 1352 838 1430 cyuosdecic
853 1351 976 1413 nomine
991 1351 1069 1431 quod
1092 1351 1200 1431 legitur
1216 1349 1324 1431 volgo?

179 1451 224 1512 Nil
240 1469 289 1512 me
305 1451 423 1513 hercule
444 1450 472 1511 id
490 1468 559 1529 prae
575 1468 606 1510 se
621 1449 679 1512 lert
694 1469 753 1530 quo
776 1450 916 1512 defendat
936 1450 1146 1532 suspicionem.
1183 1450 1326 1512 bamber-

175 1550 276 1630 gensis
297 1551 462 1630 cyoosdsnti
480 1548 577 1620 habet,
605 1549 711 1628 reliqui
733 1549 798 1610 libri
822 1551 1037 1629 cyaosdcctra'c3
1068 1548 1123 1610 tibi
1145 1567 1215 1610 rero
1237 1568 1325 1612 aures

177 1649 202 1711 si
225 1650 328 1728 arrigis
350 1649 461 1711 ultimis
477 1648 598 1728 quidem
621 1647 739 1728 syllabis
763 1649 900 1710 dentes
922 1648 979 1727 (rel
996 1648 1126 1723 dentrix)
1141 1647 1231 1727 piscis
1248 1648 1324 1710 clare

178 1748 274 1810 vocari
288 1747 448 1820 videbitur3
472 1747 599 1808 variatur
614 1755 711 1808 autem
729 1765 789 1809 non
804 1746 988 1808 dissimiliter
1001 1746 1146 1826 scriptura
1162 1746 1209 1806 illa
1221 1745 1324 1826 elopem

178 1846 224 1908 rel
236 1847 333 1926 clopic
344 1865 420 1926 quae
435 1846 591 1907 antecedit.
615 1845 657 1906 Ex
674 1864 759 1925 cynos
774 1855 874 1907 autem
890 1846 960 1928 quid
977 1841 1210 1908 extricabimus?
1226 1846 1322 1926 possis

176 1945 298 2025 quidem
315 1948 461 2024 cypricum
486 1963 555 2005 nam
573 1944 651 2023 quod
668 1944 756 2006 huius
772 1946 895 2025 catalogi
911 1946 1006 2026 pisces
1025 1943 1233 2025 peculiares
1257 1952 1323 2006 tan·

176 2053 240 2104 tum
259 2061 286 2104 m
296 2043 374 2105 aris
390 2063 404 2103 a
419 2042 514 2103 Plinio
527 2043 665 2104 dicuntur
675 2043 863 2122 refragantur
878 2052 975 2105 ostrea
990 2043 1073 2124 lepus
1086 2044 1173 2105 cohio
1184 2043 1321 2124 anguilla.

176 2140 370 2221 hcquiescere
402 2149 504 2202 tamen
539 2142 675 2220 praefero
709 2142 739 2203 in
769 2143 890 2204 nomine
920 2160 1025 2222 graeco
1052 2161 1137 2222 cynos
1158 2142 1209 2223 qni
1232 2161 1320 2204 canes

172 2240 315 2302 dicuntur
338 2240 411 2300 Plin.
427 2239 467 2300 lll
487 2241 543 2300 llll
574 2239 714 2320 quodque
736 2259 846 2304 nomen
862 2230 1024 2322 Hesychius
1047 2259 1166 2322 quoque
1186 2241 1320 2303 exhibet:

174 2334 322 2400 κύων...
345 2336 403 2399 καὶ
433 2336 470 2399 cd
499 2335 693 2402 θαλάσσιον
721 2335 819 2416 {ciem
854 2360 951 2421 neque
981 2340 1061 2401 enim
1086 2341 1233 2403 caniculas
1261 2341 1319 2422 ipsi

173 2438 306 2517 catalogo
338 2457 354 2498 a
387 2436 482 2499 Plinio
516 2437 693 2516 praemissas
726 2438 797 2513 int
824 2441 883 2499 145
918 2448 1020 2500 contra
1041 2439 1154 2500 adleret
1188 2439 1246 2501 nisi
1273 2440 1320 2501 cui

171 2537 322 2617 incognita
351 2536 427 2597 Plini
462 2535 507 2597 his
542 2536 572 2597 in
599 2536 689 2598 rebus
720 2536 831 2599 incuria
861 2547 891 2598 et
919 2538 1067 2618 ignoratio
1094 2537 1143 2600 sit.
1187 2537 1320 2618 lienique

170 2635 325 2700 addendus
348 2634 581 2697 estnominibus
597 2635 670 2696 raris
693 2636 782 2697 etiam
805 2636 1061 2716 halipleumon
1083 2637 1207 2715 catalogi
1231 2656 1320 2718 quem

172 2752 234 2796 non
268 2734 325 2795 vidi
358 2734 416 2795 nisi
447 2734 523 2814 apud
558 2735 729 2796 Marcellum
763 2735 910 2809 Sidetam3
948 2736 1120 2798 Aristoteles
1155 2733 1319 2817 πνεύμων.

139 2902 143 2907 ,
173 2835 267 2914 Atque
295 2833 598 2912 orthagoriscum
627 2853 752 2912 porcum
774 2835 894 2914 quidem
918 2855 982 2897 esse
1005 2836 1075 2897 dicit
1095 2835 1259 2915 Hesychius
1282 2854 1319 2896 ex

169 2934 333 2995 Polemone
364 2933 414 3008 (cl.
440 2932 544 2992 Athen.
561 2950 590 3010 p.
610 2932 669 2992 140
682 2932 726 3010 Β),
754 2933 865 3012 piscem
901 2953 966 2995 esse
999 2934 1051 3015 qui
1084 2934 1190 2995 dixerit
1218 2935 1318 2996 neseio

170 3040 289 3113 praeter
311 3031 453 3112 Apionem
477 3031 553 3110 apud
578 3030 708 3091 Plinium
723 3030 831 3092 XXXll
848 3031 898 3091 19.

255 3131 359 3212 ltaque
386 3130 514 3191 vidimus
537 3128 613 3190 Plini
635 3128 867 3209 Diogenianique
893 3131 925 3192 in
953 3129 1042 3193 rebus
1064 3132 1195 3210 perraris
1222 3131 1318 3212 iisque

169 3228 240 3291 satis
275 3229 386 3290 crebris
419 3245 601 3290 consensum
635 3226 842 3290 deficientibus
875 3230 924 3291 hic
956 3229 1014 3290 illic
1047 3229 1135 3290 etiam
1170 3229 1317 3310 Pamphili

169 3327 262 3408 copiis
286 3327 494 3408 hthenaeique.
538 3326 734 3387 Rarissimum
756 3344 866 3388 nomen
890 3330 1059 3412 κέρκουροι
1083 3347 1149 3392 esse
1172 3329 1315 3392 diximus3

169 3438 270 3488 tumen
306 3427 363 3487 hoc
401 3435 432 3487 nt
469 3425 547 3505 apud
581 3424 722 3486 Ovidium
759 3425 866 3487 falsum
901 3426 1129 3509 Oppianumquc
1163 3430 1201 3491 ita
1237 3430 1314 3510 apud

168 3524 380 3606 Diogenianum
410 3543 529 3606 quoque
557 3533 718 3604 comparet.
763 3524 805 3586 lta
833 3525 922 3587 etiam
951 3527 1062 3589 larinus
1090 3527 1258 3591 communis
1282 3535 1315 3590 ut

169 3622 296 3688 diximus
320 3625 455 3706 Oppiano
479 3634 507 3687 et
530 3624 711 3705 Diogeniano
739 3632 784 3686 est
814 3626 865 3705 qui
895 3626 1017 3688 lamirus
1046 3627 1154 3690 dicitur
1176 3628 1205 3687 in
1228 3626 1314 3688 Ovidi

168 3722 304 3805 Plinique
331 3724 479 3804 catalogis.
524 3724 621 3805 Atque
648 3724 790 3786 cinaedus
819 3743 905 3787 rarus
933 3726 1048 3806 etipse
1071 3725 1312 3806 Oppianoll27

167 3829 197 3883 et
219 3823 295 3885 Plini
325 3824 456 3903 catalogo
484 3823 651 3885 communis
680 3832 743 3901 est3
777 3824 816 3885 ita
841 3824 942 3886 nescio
969 3843 1040 3887 num
1069 3825 1312 3886 coniunctionem

166 3921 294 4004 aliquam
332 3922 483 4002 copiarum
517 3922 629 3984 sentire
662 3920 787 3984 ridearis
820 3922 991 4002 Diogeniani
1025 3922 1151 3984 Pliniani
1188 3922 1312 4005 catalogi

166 4018 292 4101 Oppiani
313 4019 405 4081 Ovidi.

154 4170 157 4181 .
251 4120 348 4198 htque
371 4119 407 4180 dc
422 4118 566 4199 hesychio
589 4127 623 4180 ut
645 4135 732 4198 quam
749 4117 923 4180 brevissime
945 4119 1040 4181 dicam
1063 4120 1142 4199 quod
1156 4121 1254 4182 sentio
1270 4158 1311 4167 -

166 4236 261 4298 neque
283 4218 363 4280 enim
385 4218 461 4279 hanc
482 4235 575 4278 meam
591 4217 746 4279 materiem
762 4236 827 4279 esse
841 4216 926 4280 rideo
942 4252 983 4262 —
999 4217 1143 4298 Pamphili
1160 4220 1310 4300 epitomen

166 4317 209 4377 rel
218 4316 566 4396 Vestinilliogenianeam
578 4324 607 4378 et
620 4317 918 4400 περιεργοπένηοᾱς
930 4317 1141 4398 Diogenianeos
1153 4336 1216 4381 nen
1229 4319 1308 4383 idem

165 4421 195 4476 et
219 4433 312 4477 unum
336 4435 410 4495 opus
432 4415 524 4478 tuisse
546 4416 597 4477 sed
621 4417 680 4478 duo
703 4416 828 4477 firmiter
848 4414 920 4477 mihi
942 4435 1118 4498 persuasum
1141 4428 1187 4480 est
1211 4438 1308 4500 neque
