2962 5010
642 305 839 369 -8-

251 481 310 542 Sed
332 480 410 542 inter
430 480 593 542 imitatores
616 481 710 560 ipsius
733 481 817 541 Ovidi
840 481 971 543 eiusdem
994 481 1035 542 rei
1063 481 1229 559 exemplum
1252 480 1305 541 tibi

168 598 303 660 promam
335 581 432 640 locum
465 580 541 640 male
575 577 736 641 obscurum
764 599 860 660 neque
888 579 1041 658 indignum
1075 598 1164 659 quem
1202 596 1305 638 emen-

85 687 87 697 ’
167 679 289 752 demus3
310 677 417 756 legitur
440 677 520 741 enim
542 677 621 756 Eleg.
645 677 676 739 in
699 677 896 738 Maecenatem
919 678 931 738 l
953 698 979 738 v.
996 677 1036 738 59
1052 697 1115 759 sqq.
1140 678 1175 738 de
1190 677 1305 738 Baccho

166 776 218 857 qui
239 777 329 838 Indos
352 775 504 867 deviqerit:
1003 785 1006 789 ’

296 888 333 948 Et
355 887 408 948 tibi
429 903 535 949 securo
557 886 714 947 tunicae
736 886 848 948 fluxere
870 888 996 947 solutae:

336 985 378 1044 Te
400 992 473 1063 puto
496 1002 661 1062 purpureas
682 992 756 1045 tunc
777 984 915 1046 habuisse
941 983 1028 1045 duas!

203 1089 206 1095 '
295 1084 368 1144 Sum
391 1101 507 1145 memor
529 1087 560 1143 et
582 1091 660 1143 certe
683 1083 806 1142 memini
828 1083 871 1142 sic
896 1083 1003 1144 ducere
1030 1084 1179 1162 thyrsos

339 1180 478 1242 Bracchia
501 1197 646 1259 purpurea
663 1179 833 1242 candidiora
855 1180 931 1242 nive.

296 1279 333 1339 Et
355 1279 409 1339 tibi
432 1280 586 1356 thyrsus
609 1287 672 1338 erat
693 1278 818 1357 gemmis
841 1285 963 1340 ornatus
990 1297 1051 1358 eqs.

293 1377 451 1455 Argentata
473 1383 541 1437 tuos
564 1376 651 1437 etiam
675 1377 809 1438 talaria
837 1377 911 1448 talos

340 1475 505 1535 Vinxerunt
528 1480 616 1548 certe,
638 1493 694 1535 nec
716 1482 799 1554 puto,
823 1474 944 1547 bacche,
968 1492 1067 1551 negas.

168 1608 240 1671 Vide
269 1609 401 1670 colorum
433 1609 559 1670 duorum
581 1608 612 1668 in
636 1626 660 1666 v.
682 1605 721 1665 62
744 1608 869 1668 alterum
892 1625 1076 1687 purpureum
1098 1626 1252 1688 perperam
1272 1611 1308 1670 ad

168 1707 265 1769 nivem
287 1714 424 1768 tractum.
460 1706 562 1785 ltaque
578 1705 805 1784 Oudendorpius
825 1724 972 1786 praeparo
986 1709 1051 1766 aiot
1073 1707 1207 1780 coniecit,
1229 1708 1308 1768 Bur-

168 1824 295 1867 mannus
325 1805 370 1866 vel
392 1823 471 1884 paro
498 1808 577 1877 aive,
607 1824 665 1883 quo
696 1812 822 1883 utroque
849 1805 893 1864 uti
920 1803 1021 1864 nolim.
1057 1805 1180 1866 Eilictus
1210 1815 1309 1885 aperte

167 1911 352 1984 pentameter
378 1923 413 1963 ex
441 1903 582 1964 Ovidiano
605 1901 798 1987 isto—(Amor.
825 1901 865 1962 lll
892 1902 920 1973 7,
948 1899 995 1977 Sy:
1030 1902 1155 1965 Brachia
1179 1902 1309 1965 Sithonia

168 2003 335 2068 candidiora
351 2010 441 2078 ·ar'oe;
460 2007 518 2066 'sed
553 2021 697 2085 reponere
725 2002 854 2066 Sithonia
875 2020 936 2065 non
965 2003 1096 2083 audebis,
1131 2020 1228 2081 neque
1258 2010 1309 2062 aut

168 2104 292 2168 Paeonia
331 2113 383 2165 aut
419 2102 523 2165 similia
562 2102 715 2187 iuvabunt.
779 2102 860 2163 Viam
901 2103 1077 2163 emendandi
1110 2100 1308 2160 Bnecbelerus

169 2202 302 2264 ostendit
341 2201 524 2279 coniungens
558 2200 659 2262 dacore
692 2200 809 2279 thyrsos
849 2200 965 2281 brachia
994 2203 1175 2280 pampineos
1213 2216 1309 2276 neque

167 2301 248 2362 enim
282 2299 380 2360 nivem
415 2297 547 2359 decorari
585 2299 727 2360 adiectivo
760 2315 882 2359 neeesse
908 2298 965 2359 luit
997 2306 1031 2359 ut
1063 2298 1140 2377 apud
1172 2295 1309 2358 Ovidium

169 2406 229 2461 est:
258 2401 324 2458 aiae
358 2396 569 2458 candidioribus
596 2400 674 2476 equis
704 2395 771 2456 Met.
801 2395 877 2466 lllll,
907 2394 976 2458 373.
1018 2397 1080 2458 lam
1110 2415 1177 2458 vero
1209 2402 1308 2456 atten-

170 2497 300 2558 dendum
323 2502 368 2555 ost
390 2502 467 2554 stare
491 2513 577 2574 posse
600 2513 637 2554 ne
659 2494 772 2572 thyrsos
798 2494 934 2573 quidem3
961 2513 1029 2556 nam
1056 2495 1087 2555 in
1110 2495 1164 2556 ista
1187 2502 1309 2554 ornatus

169 2593 300 2656 Bacchici
323 2591 517 2670 descriptione
540 2610 593 2670 per
608 2592 714 2669 gradus
737 2599 834 2652 certos
854 2601 1062 2653 memorantur
1084 2612 1109 2653 v.
1130 2592 1171 2653 59
1193 2592 1310 2652 tunicae

169 2692 291 2764 solutae,
307 2710 332 2750 v.
350 2690 390 2751 63
405 2689 524 2769 thyrsus
541 2695 672 2763 ornatus,
695 2708 720 2750 v.
739 2688 777 2748 65
801 2698 950 2766 argentata
965 2690 1066 2752 talaria
1136 2690 1236 2769 itaque
1259 2691 1309 2770 qui

170 2790 270 2870 thyrso
293 2787 466 2851 antecedere
489 2795 616 2867 possunt
637 2787 694 2866 ipsi
716 2787 810 2866 thyrsi
833 2787 958 2848 brachiis
981 2785 1084 2848 ducti?
1114 2789 1210 2867 Atque
1235 2807 1310 2868 quo-

71 2908 75 2915 ·
171 2889 259 2949 modo
287 2907 395 2967 quaeso
424 2886 512 2946 deum
544 2885 677 2964 quamvis
707 2885 941 2963 omnipotentem
971 2886 1088 2964 thyrsos
1114 2904 1214 2963 gerere
1244 2896 1310 2946 ore-

170 2989 222 3049 das
252 2987 429 3065 complures,
463 3001 523 3044 non
557 2979 675 3044 unum?
691 2978 694 2982 “
709 2982 850 3043 nimirum
883 3001 1007 3062 prorsus
1046 2983 1100 3044 alia
1127 3002 1175 3044 res
1206 2992 1250 3044 est
1278 2984 1310 3045 in

170 3085 294 3164 Priapeo
317 3083 379 3157 XX,
403 3082 454 3144 ubi
476 3081 563 3143 Liber
577 3100 649 3142 sane
662 3084 808 3143 committit
818 3081 929 3161 proclia
943 3080 1046 3160 thyrsis
1062 3082 1129 3163 quia
1145 3091 1244 3161 aperte
1260 3102 1311 3144 co·

170 3183 258 3244 mites
270 3182 358 3243 simul
370 3180 540 3260 cogitantur
550 3179 715 3260 thyrsigeri,
729 3180 806 3260 quod
820 3187 920 3240 tamen
936 3187 1037 3241 nostro
1049 3179 1113 3241 loco
1125 3181 1189 3240 lieri
1200 3181 1310 3260 nequit.

171 3282 273 3360 Neque
296 3280 423 3359 denique
446 3278 580 3359 thyrsum
604 3279 712 3339 ducere
740 3276 868 3339 brachiis
892 3279 983 3355 magis
1011 3283 1113 3357 aptum
1137 3285 1200 3339 erat
1223 3298 1311 3358 quam

171 3378 315 3440 manibus.
360 3376 526 3438 Gerebatur
547 3393 637 3437 manu
668 3394 726 3437 una
750 3383 779 3436 et
807 3375 928 3455 quidem
957 3375 1072 3445 dextra,
1101 3377 1137 3436 cf.
1164 3375 1311 3456 Euripidis

171 3477 274 3538 Bacch.
299 3494 326 3533 v.
348 3473 419 3534 943.
464 3474 524 3534 lam
547 3473 667 3552 inquire
688 3480 783 3533 totum
808 3473 954 3533 distichon
976 3473 1047 3552 quid
1070 3473 1126 3534 sibi
1152 3475 1235 3548 velit3
1258 3477 1311 3536 do-

172 3573 285 3634 ceberis
310 3569 566 3632 antecedentibus:
590 3589 650 3631 non
673 3574 773 3643 unam,
797 3572 850 3632 sed
865 3572 936 3631 duas
959 3573 1075 3633 tunicas
1095 3571 1206 3633 babere
1229 3574 1311 3634 vide·

171 3671 258 3732 batur
280 3667 425 3730 Bacchus!
461 3669 534 3729 mira
561 3687 608 3729 res
631 3676 661 3728 et
683 3686 758 3745 quae
780 3667 867 3729 scribi
891 3688 952 3729 non
975 3668 1106 3748 potuerit
1128 3671 1186 3731 nisi
1206 3691 1312 3753 seque-

172 3769 258 3830 batur
280 3766 450 3846 explicati03
473 3767 575 3828 adesse
597 3765 819 3846 explicationem
843 3766 989 3828 indicatur
1010 3768 1072 3847 ipsa
1094 3769 1310 3848 particularia·

174 3866 275 3946 itaque
296 3882 351 3945 pro
374 3871 455 3926 certo
478 3863 572 3926 habeo
594 3863 739 3944 scriptum
762 3864 868 3925 luisse:

313 3977 356 4037 Te
379 3983 450 4055 puto
475 3993 639 4054 purpureas
661 3983 733 4037 tunc
754 3975 892 4037 habuisse
915 3976 997 4038 duas.

217 4109 220 4113 ·
274 4077 360 4153 [Sum
383 4093 498 4136 memor
519 4076 563 4150 et]
591 4082 670 4135 certe
699 4075 822 4136 memini
849 4075 891 4136 sic
912 4075 1020 4137 ducere
1048 4093 1168 4154 syrma
1204 4115 1207 4120 ·

316 4172 437 4234 Brachia
459 4190 686 4252 purpureum
710 4173 878 4235 candidiora
901 4173 976 4234 nive.

174 4297 277 4374 Syrma
300 4298 421 4374 longum
447 4305 477 4358 et
499 4299 630 4377 amplum
646 4299 687 4360 ita
701 4299 828 4360 brachiis
852 4298 969 4360 ducitur
991 4297 1074 4376 quasi
1090 4295 1196 4374 duplex
1212 4298 1312 4359 tunica

175 4395 227 4454 sit:
260 4396 368 4472 cogites
393 4396 631 4476 Sardanapallon.
686 4397 816 4458 Audiunt
844 4396 955 4458 scilicet
983 4395 1160 4456 bacchantes
1184 4391 1312 4455 dinoot-
