2962 5010
627 285 848 350 „gg-

168 464 311 526 ooncbam
327 460 461 523 minime!
491 461 584 522 immo
601 464 712 525 concha
734 463 797 542 ipsa
812 460 878 524 talis
893 460 992 521 evadit
1005 466 1039 523 ut
1054 460 1207 523 custodem
1222 480 1315 523 suum

168 561 339 624 custodiens
362 559 513 622 monuerit
535 579 598 622 sese
622 570 654 623 ut
676 561 823 641 reciperet
845 568 875 623 et
897 557 1026 621 caveret!
1058 558 1144 631 Quod
1167 559 1237 640 quia
1259 561 1315 622 ab·

166 660 292 722 surdum
325 666 385 732 est,
418 658 554 719 credatur
588 658 707 737 quidem
736 659 837 722 Cicero
864 658 1052 719 festinantius
1079 677 1127 720 res
1155 678 1316 739 excerpere

165 758 271 821 solitus
298 777 381 830 esse,
409 758 484 818 haec
506 763 612 818 autem
642 758 772 837 peccavit
801 756 946 819 librarius.
992 757 1104 836 Nempe
1126 775 1188 819 non
1211 757 1314 819 minus

166 856 324 920 ridiculum
354 855 425 916 illud
452 864 535 916 cnut:
564 856 719 935 proprium
748 854 933 933 sicutpinae
956 861 1058 916 estut
1087 854 1118 916 in
1140 855 1252 919 concha
1274 855 1315 916 sit

168 973 300 1035 semper,
329 971 404 1014 num
432 952 505 1014 item
529 954 647 1015 custodi
669 962 704 1015 nt
725 950 816 1015 eneti
845 971 908 1014 non
930 952 1022 1031 magis
1045 953 1144 1015 hercle
1166 971 1257 1032 quam
1280 960 1316 1014 ut

166 1054 283 1116 innatet
305 1053 336 1114 in
358 1053 511 1113 concham.
554 1052 720 1115 Dicendum
749 1053 854 1113 saltem
883 1051 954 1113 fuit:
989 1051 1041 1131 qui
1063 1058 1147 1113 extra
1168 1052 1315 1115 concham

166 1157 256 1214 natat.
295 1151 427 1228 Denique
450 1149 615 1229 corruptela
638 1148 775 1229 proditur
789 1169 859 1212 vooe
880 1152 979 1228 recipit
999 1167 1088 1229 quam
1111 1149 1229 1211 tolerari
1251 1168 1315 1213 non

166 1268 253 1330 posse
282 1249 362 1310 docti
390 1255 561 1311 senserunt.
613 1247 747 1311 Ciceroni
780 1255 809 1309 et
841 1248 915 1309 ratio
939 1255 969 1308 ot
989 1266 1037 1309 res
1059 1255 1090 1309 et
1110 1265 1209 1309 sermo
1240 1248 1316 1311 haec

166 1349 325 1426 adrogant:
360 1356 389 1407 ct
410 1345 465 1406 illu
486 1364 558 1425 pudo
578 1349 610 1407 iu
631 1346 737 1407 concha
754 1345 861 1425 patulo
886 1345 957 1407 vivit
985 1349 1074 1425 (quae
1098 1349 1171 1426 pisto
1195 1346 1316 1428 dicitu)

166 1451 243 1527 isque
265 1447 315 1525 qui
336 1451 441 1506 enatus
463 1463 478 1505 e
500 1443 606 1506 condo
627 1444 691 1523 (qui
710 1445 784 1524 quod
806 1463 868 1505 com
891 1444 1010 1507 custodit
1021 1449 1163 1523 pinoteres
1177 1454 1316 1522 curuum

166 1547 198 1606 iu
220 1545 393 1624 coudcucque
421 1561 485 1604 cum
507 1559 536 1603 sc
563 1544 623 1603 fert
645 1542 733 1622 piscis
760 1542 934 1615 inluditur,
966 1551 1000 1602 ut
1021 1543 1151 1605 oidcotru
1170 1548 1317 1606 monuisse

166 1652 199 1705 ut
221 1641 382 1720 clauderet)
403 1645 522 1720 imusque
543 1641 684 1719 formicae
707 1659 770 1720 eos.
807 1642 890 1714 Quae
911 1640 1005 1702 laxius
1027 1659 1100 1703 sane
1116 1641 1216 1704 Cicero
1239 1660 1317 1704 con-

167 1740 276 1803 struxit
297 1739 355 1800 nisi
376 1740 454 1800 forte
476 1739 511 1801 ad
534 1739 669 1800 videatur
690 1742 832 1801 monuisse
857 1738 945 1801 etiam
962 1739 1071 1801 addere
1092 1739 1141 1803 ille
1163 1741 1206 1801 vel
1222 1751 1318 1803 custos

166 1839 324 1919 praeferes.
370 1838 508 1899 Ceterum
536 1855 598 1898 non
630 1837 805 1898 anacolutha
833 1844 981 1899 structura
996 1838 1061 1899 ,sed
1084 1838 1128 1900 sic
1153 1838 1316 1918 explenda:

167 1939 204 2000 Α)
232 1955 292 1998 uou
319 1936 411 1997 solum
440 1935 496 1996 sihi
520 1939 584 1997 uoti
606 1945 673 1996 suut
691 1939 763 2014 pino
779 1979 786 1997 .
804 1980 811 1995 .
828 1980 835 1995 .
852 1981 859 1995 .
875 1939 953 2014 abque
976 1939 1026 2016 qui
1044 1954 1106 2016 eqs.
1152 1936 1196 1998 ad
1218 1941 1320 1999 crocci

167 2057 182 2099 e
203 2035 310 2097 coucbo
329 2035 367 2096 cf.
383 2034 489 2095 Athen.
512 2052 541 2113 p.
559 2032 599 2097 89
612 2034 652 2109 E3
682 2033 832 2096 Aristotel.
853 2053 883 2114 p.
906 2034 1010 2095 5471)
1037 2032 1077 2096 28
1089 2053 1133 2114 sq.
1177 2034 1243 2114 Ipsa
1263 2054 1316 2098 res

169 2141 269 2196 autem
293 2151 351 2213 qua
373 2134 420 2193 via
447 2133 480 2193 in
502 2133 583 2194 hunc
605 2132 642 2193 de
663 2132 771 2193 finibus
798 2132 908 2195 librum
936 2132 1088 2195 devenerit
1108 2150 1170 2195 nou
1192 2134 1317 2213 quaeri-

169 2252 236 2296 mus
262 2230 423 2310 nescioquo
440 2247 513 2291 num
535 2229 706 2310 sequendus
729 2231 764 2291 de
787 2231 849 2293 eius
873 2239 995 2294 auctore
1016 2230 1176 2310 Madvigius
1191 2231 1230 2293 sit
1243 2231 1315 2295 ibid.

168 2351 198 2412 p.
222 2331 293 2395 831.

252 2431 482 2495 accuratissime
504 2439 604 2494 autem
626 2431 720 2511 ipsius
743 2431 895 2511 Chrysippi
918 2451 996 2512 quae
1016 2430 1203 2495 exhibuimus
1226 2431 1317 2495 verba

169 2529 301 2592 Cicero
324 2531 491 2611 adsumpsit
514 2548 581 2592 curn
605 2530 646 2591 de
669 2540 799 2594 natura
822 2531 971 2593 deorum
993 2531 1133 2595 librum
1156 2532 1316 2594 alterum

168 2636 369 2709 componeret.
427 2628 515 2691 Cuius
548 2628 592 2690 rei
626 2629 869 2709 contemplationi
905 2630 1006 2709 paucis
1043 2649 1144 2692 vacare
1180 2629 1314 2692 interest.

168 2727 302 2788 Primum
336 2727 372 2786 ad
407 2727 632 2788 adornationem
660 2727 901 2791 narratiunculae
938 2729 1032 2808 qualis
1068 2729 1110 2790 ibi
1143 2728 1314 2795 Stoicorum

167 2826 341 2905 pandendae
363 2825 515 2888 doetrinae
536 2826 677 2888 inseritur
698 2827 833 2889 animum
854 2827 998 2905 advertas,
1021 2827 1133 2902 §12dt

268 2963 342 3026 Piuo
368 2981 435 3024 vcro
457 2998 500 3008 —
527 2969 566 3026 sic
593 2969 669 3025 euim
696 2984 796 3046 graece
822 2964 925 3027 dicitur
948 3000 988 3010 —
1017 2966 1128 3028 duodm
1157 2966 1315 3046 grandibus

264 3061 369 3142 potulo
391 3061 502 3123 coucbr's
530 3082 595 3124 curu
619 3080 717 3142 porco
747 3064 852 3142 squillo
881 3063 1054 3146 (καρκίνος
1075 3061 1209 3146 μικρός)
1233 3070 1317 3146 quiesi

267 3161 424 3221 societatem
447 3165 500 3223 coit
526 3160 681 3244 (συνεργὰ
702 3158 775 3223 κατ’
793 3159 895 3237 ἰδίαν)
918 3165 1107 3244 comparandi
1127 3164 1196 3239 cobi;
1218 3166 1314 3244 itaque

159 3319 161 3324 .
266 3277 332 3320 curu
349 3259 482 3338 pisciculi
497 3264 587 3339 porci
600 3257 767 3340 (ἰχθύδια)
783 3266 814 3323 iu
832 3261 968 3324 couchouv
982 3262 1107 3324 dientem
1124 3259 1176 3343 (cd
1191 3259 1313 3343 ὄστρα-

268 3376 325 3419 κον
347 3353 588 3438 διαστήσασαν)
611 3363 819 3423 inmutaverunt
839 3354 933 3438 (duur
949 3357 1082 3441 siceleg
1105 3361 1151 3440 τι)
1174 3371 1235 3423 tum
1258 3361 1311 3423 ud-

266 3457 375 3516 mouito
398 3454 446 3529 (cf.
470 3457 654 3538 σημαίνων)
678 3456 820 3535 asquillo
842 3459 933 3536 [pino]
956 3475 1056 3519 morsu
1071 3455 1210 3535 (δάκνει)
1233 3477 1313 3522 eom-

264 3554 363 3631 priruit
385 3553 506 3614 couches
521 3551 700 3634 (συμμύει).
738 3553 785 3615 Sic
801 3555 869 3630 (uel
886 3548 1212 3636 cneocaesaream
1234 3558 1313 3629 (vide

267 3659 488 3729 exaggerantem
496 3648 516 3727 l)
546 3651 667 3714 bestiolis
696 3656 883 3714 communiter
911 3654 989 3716 cibus
1023 3659 1171 3735 quaeritur
1205 3660 1313 3731 (κατε-

268 3748 407 3810 σθίουσι
431 3749 544 3838 κοινῇ).

251 3899 344 3978 Igitur
375 3899 434 3961 iam
464 3901 638 3964 evolvantur
667 3903 775 3983 quihus
803 3911 903 3967 orator
925 3905 1044 3969 Stoicus
1074 3906 1183 3969 latinus
1210 3905 1311 3989 pinam

166 3997 319 4077 Chrysippi
342 3998 492 4059 induxerit
506 4008 557 4062 aut
579 4000 816 4065 circumdederit.
861 4004 953 4066 Orsus
976 4022 992 4065 a
1014 4004 1188 4085 quaestione
1212 4006 1313 4068 estin

165 4101 183 4171 ξ
199 4097 239 4158 73
256 4114 328 4159 num
352 4099 482 4160 mundus
498 4117 514 4159 a
531 4099 588 4161 diis
603 4101 831 4164 administretur
846 4102 972 4184 ideoque
986 4103 1058 4165 inde
1074 4103 1109 4165 ab
1126 4103 1165 4167 81
1183 4103 1311 4167 maxime

166 4197 201 4256 ad
223 4196 482 4261 admirabilitatem
504 4216 606 4262 rerum
627 4199 813 4280 probandam
836 4220 868 4264 se
891 4202 1033 4283 accingit:
1064 4220 1162 4276 unam
1176 4203 1311 4283 partibus

166 4295 305 4357 omnibus
328 4304 464 4358 naturam
488 4316 678 4362 communem
701 4318 775 4374 esse,
798 4301 823 4361 si
846 4299 936 4380 igitur
959 4302 1030 4381 quid
1051 4309 1173 4383 regatur
1194 4309 1309 4376 natura,

164 4398 266 4454 tamen
293 4403 343 4456 aut
371 4395 445 4457 nibil
474 4395 587 4464 hoc-in
616 4398 730 4461 mundo
757 4417 823 4461 csse
852 4408 903 4461 aut
929 4401 1076 4463 mundum
1104 4408 1200 4463 totum
1223 4400 1310 4481 (85);
