2962 5010
637 286 859 350 ..34-

173 465 245 526 bum
269 483 336 525 cum
357 481 413 545 per
428 469 523 524 toturn
541 462 699 541 Vergilium
723 462 827 534 semel,
848 460 893 522 bis
915 468 1031 522 tantum
1055 479 1109 542 per
1131 469 1228 524 totum
1246 462 1318 525 Ovi-

174 563 255 624 dium
284 563 327 624 vel
350 581 403 641 per
425 561 735 623 Transformationum
763 578 903 623 versuum
932 559 1087 621 duodecim
1110 560 1188 622 milia
1210 562 1318 642 depre-

172 660 376 734 henderimus,
405 670 551 741 quantum
572 661 608 722 ab
633 659 690 721 hoc
704 667 790 739 poeta
813 658 977 723 hexametri
999 659 1095 720 nostri
1119 668 1239 721 centum
1263 660 1318 721 tri-

172 758 253 839 ginta
278 760 415 821 differant
433 760 546 822 senties
570 759 595 819 si
619 768 680 821 tres
703 758 759 819 hos
781 757 813 819 in
835 757 871 819 iis
894 757 975 819 locos
998 754 1120 819 videris:
1148 757 1231 838 fuluo
1256 768 1317 820 ter-

170 877 238 938 gore
260 878 287 919 v.
303 859 358 931 643
388 861 471 938 aegro
504 868 615 939 tergore
636 876 663 919 v.
686 856 744 933 953
765 855 865 918 molles
890 866 1000 936 tergore
1023 874 1048 917 v.
1068 856 1138 918 126.
1183 856 1257 918 Nam
1279 857 1318 917 ad

162 957 320 1019 ‘sermonis
349 957 520 1019 varietatem
544 956 707 1034 aagendam
731 961 846 1034 praesto
869 955 1005 1017 videlicet
1029 962 1058 1015 et
1079 954 1165 1033 pellis
1188 963 1219 1016 et
1241 953 1326 1021 cutis.

173 1063 257 1116 erent
279 1062 308 1117 et
331 1054 408 1116 coria
432 1062 462 1116 et
484 1053 529 1134 (in
553 1073 579 1116 v.
596 1054 649 1132 64)
672 1053 793 1128 vellera,
823 1072 921 1135 neque
948 1072 1010 1115 non
1034 1053 1122 1115 scribi
1144 1053 1317 1133 simpliciter

170 1152 293 1215 licebat:
316 1152 412 1214 fulvae
434 1153 547 1226 damae,
570 1152 648 1230 nigri
663 1152 756 1225 milui,
778 1169 868 1214 ranae
886 1153 1003 1227 mollem
1024 1152 1073 1214 ille
1094 1171 1165 1214 vero
1188 1152 1224 1212 de
1247 1152 1318 1213 dac·

171 1241 239 1330 tylo⁴
254 1251 430 1330 desperabat
451 1250 536 1331 pedis
560 1251 665 1329 quinti.

209 1390 214 1398 -
256 1350 358 1410 Restat
391 1358 425 1411 ut
455 1368 530 1429 quae
564 1349 692 1428 scriptor
725 1347 757 1408 in
788 1355 886 1408 artum
908 1348 989 1409 hunc
1010 1348 1109 1409 locum
1133 1366 1208 1409 nove
1231 1356 1317 1426 atque

171 1448 259 1509 etiam
282 1448 330 1508 hic
351 1447 410 1508 illic
426 1448 583 1509 temerarie
601 1447 677 1508 dicta
698 1446 910 1525 constipaverit
923 1455 1084 1526 conspectu
1098 1455 1316 1526 proponantur.

171 1546 267 1607 Tenes
290 1546 442 1623 geminum
466 1553 631 1626 parentem,
656 1553 738 1606 tenes
756 1562 854 1605 moras
871 1545 1029 1606 oblectatas
1051 1552 1139 1624 atque
1162 1544 1234 1605 illud
1253 1560 1318 1604 mo·

171 1646 270 1705 decori
288 1643 377 1723 finem
399 1643 464 1715 loci,
488 1650 522 1704 ut
545 1645 599 1705 alia
622 1643 749 1705 mittam.
787 1641 852 1702 Non
875 1642 970 1703 habeo
993 1661 1122 1720 quocum
1146 1660 1316 1720 comparem

170 1741 241 1802 illud
263 1743 391 1804 viridem
414 1742 445 1804 in
469 1761 494 1802 v.
512 1740 552 1802 90
576 1741 731 1802 transitive
752 1739 883 1819 positum
902 1773 946 1784 -—
967 1757 1065 1818 neque
1087 1739 1166 1801 enim
1191 1740 1317 1818 Vergilio

170 1839 280 1919 placuit
308 1840 366 1901 nisi
395 1839 583 1919 participium
614 1840 756 1913 emtam,
786 1839 816 1899 id
846 1845 891 1898 est
913 1837 1015 1898 viridis
1041 1871 1083 1881 —
1109 1847 1316 1916 praeterquam

171 1939 251 2016 quod
274 1937 406 1999 Valerius
422 1938 543 2000 Flaccus
560 1938 707 2000 Bacchum
731 1938 849 1999 exhibet
871 1936 969 1997 hastas
992 1933 1116 1996 floribus
1139 1935 1222 1996 nexis
1244 1936 1316 1997 viri-

170 2036 291 2096 dantem
313 2035 350 2095 Vl
368 2034 438 2096 136.
482 2037 575 2098 Porro
603 2035 709 2113 reliqui
743 2043 847 2116 poetae
880 2033 1011 2095 innocuo
1044 2032 1234 2112 opponebant
1267 2041 1317 2095 aut

168 2142 328 2194 nocentem
350 2141 402 2194 aut
425 2133 564 2208 noxium3
591 2133 647 2195 iste
676 2152 744 2194 vero
775 2139 931 2214 postquam
953 2148 1058 2192 noceres
1078 2149 1105 2190 v.
1122 2129 1162 2190 30
1186 2138 1216 2192 et
1237 2133 1317 2194 noci-

171 2240 254 2291 turus
277 2249 303 2290 v.
323 2230 381 2291 116
404 2231 518 2310 posuit,
540 2231 599 2291 iam
622 2250 648 2291 v.
675 2228 734 2290 130
758 2231 897 2292 exhibere
919 2229 1095 2290 adiectivum
1116 2248 1225 2291 nocuos
1247 2248 1314 2291 sus-

170 2327 257 2406 cepit,
282 2328 362 2406 quod
377 2336 494 2408 praeter
519 2329 600 2389 hunc
619 2346 682 2390 non
698 2328 827 2389 occurrit
849 2328 906 2388 nisi
929 2327 1007 2407 apud
1030 2327 1314 2390 medicamentorum

169 2425 346 2505 scriptorem
370 2427 555 2488 Scribonium
579 2427 706 2507 Largum
735 2428 808 2487 114:
835 2426 971 2507 pastillus
986 2471 993 2487 .
1011 2470 1017 2487 .
1036 2443 1113 2506 ‚quc
1141 2430 1223 2507 quusi
1244 2446 1315 2488 cou-

171 2527 241 2585 terio
264 2534 332 2586 tunc
355 2527 551 2588 tantummodo
566 2530 612 2589 uti
630 2536 748 2606 oportet,
772 2526 879 2607 alioqui
902 2536 995 2598 nocem
1018 2524 1134 2605 ideoque
1157 2543 1176 2586 a
1198 2527 1314 2607 quibus-

172 2623 240 2684 dum
268 2625 467 2703 ignorantibus
497 2629 556 2686 eiua
585 2644 655 2687 uses
677 2634 828 2687 accusetur
850 2627 934 2703 quusi
961 2641 1083 2696 nocum3
1111 2629 1214 2703 postea
1237 2624 1315 2704 apud

169 2720 334 2784 Martialem
345 2723 385 2783 111
401 2723 441 2784 99
456 2742 482 2784 v.
500 2723 528 2796 3,
552 2725 640 2786 modo
665 2723 835 2803 sequendus
858 2723 908 2784 hic
926 2739 1046 2802 quoque
1060 2720 1218 2784 Thoaneus
1241 2722 1316 2783 liber

170 2819 209 2880 sit
231 2820 282 2899 qui
306 2838 385 2882 unus
407 2822 529 2901 praebet
549 2823 613 2883 Nou
636 2841 754 2895 acutos,
786 2820 891 2899 reliqui
920 2819 985 2881 fere
1008 2834 1128 2880 omnes:
1156 2819 1315 2893 innocuum

170 2925 216 2978 est
238 2918 317 2979 enirn
333 2919 476 2982 nimirum
501 2921 587 2983 etiam
611 2920 663 2984 ubi
690 2920 883 2999 corrigendus
906 2918 954 2979 ille
976 2919 1015 2979 sit
1038 2938 1073 2980 ex
1095 2917 1217 2998 reliquis
1240 2934 1314 2981 con·

169 3015 336 3096 trariusque
357 3017 406 3079 hic
419 3016 509 3080 'locus
531 3019 611 3080 toret
632 3019 669 3081 iis
690 3038 766 3100 quae
789 3019 826 3080 de
847 3017 899 3079 tali
912 3017 1071 3094 negatione
1093 3016 1313 3079 observavimus

168 3210 299 3288 primum
323 3232 387 3275 esse
414 3216 451 3276 ab
474 3215 707 3279 llalieuticorum
729 3217 874 3297 scriptore
905 3215 1012 3277 ductus
1039 3213 1075 3274 iis
1098 3230 1173 3290 quae
1196 3212 1314 3291 scripsit

168 3306 271 3370 Koene
300 3311 396 3374 Ueber
424 3313 471 3375 die
499 3314 629 3394 Spracbe
655 3316 683 3376 d.
711 3317 814 3376 lloem.
837 3313 946 3394 Epiker
972 3330 1002 3391 p.
1022 3308 1093 3370 218.
1137 3308 1223 3370 Nunc
1243 3327 1312 3370 vero

168 3415 327 3486 postquam
357 3409 487 3473 Neronei
520 3413 602 3474 illum
633 3413 775 3491 temporis
809 3429 876 3470 esse
909 3409 1054 3482 intellexi,
1085 3406 1172 3467 huius
1205 3408 1312 3469 saeculi

168 3503 368 3566 luxuriantem
392 3525 561 3571 sermonem
592 3510 745 3586 agnovisse
768 3513 926 3568 contentus
949 3524 1017 3568 sum
1041 3505 1115 3584 (non
1138 3512 1207 3584 apte
1230 3525 1314 3567 com-

168 3601 285 3682 parabis
297 3607 407 3683 riguos
429 3607 539 3684 quippe
555 3607 601 3667 cui
615 3625 677 3667 nou
691 3606 875 3667 contrarium
891 3605 1094 3685 temperarit),
1118 3626 1186 3669 curu
1210 3611 1312 3672 eadem

169 3701 231 3760 tere
261 3708 356 3763 aetate
385 3702 474 3762 etiem
503 3702 688 3765 rarissimum
715 3705 787 3766 illud
815 3710 932 3769 nocivus
959 3707 1184 3786 (cl.Pbaedri1
1207 3712 1258 3784 29,
1281 3711 1312 3788 3)

169 3805 269 3858 ortum
293 3818 358 3860 esse
381 3799 529 3875 videatur3
558 3820 655 3881 neque
686 3811 731 3864 est
759 3804 836 3865 enim
865 3824 924 3885 quo
953 3806 1113 3870 confirmes
1142 3810 1231 3872 etiam
1260 3812 1313 3873 ad·

168 3895 313 3969 versarios
342 3896 479 3959 Scriboni
505 3918 576 3960 voce
604 3917 713 3962 nocuus
739 3920 810 3964 usos
837 3904 937 3968 fuisse.
982 3906 1095 3968 Eodem
1122 3908 1187 3970 loco
1213 3909 1312 3990 ipsum

169 3992 308 4056 ordinem
330 3995 486 4059 verborum
516 3998 609 4060 hunc:
644 4004 727 4079 spino
758 4020 868 4066 nocuus
899 4021 958 4066 nore
989 4007 1088 4085 gobius
1120 4007 1185 4068 ullu
1218 4016 1247 4069 et
1279 4009 1312 4069 in

169 4090 274 4153 Ouidio
298 4093 514 4158 intolerabilem
537 4096 598 4158 dixi
620 4106 651 4160 et
672 4097 704 4160 in
737 4110 824 4180 poeta
858 4103 961 4182 quovis
995 4104 1088 4178 bono;
1120 4102 1311 4166 scribendum

168 4189 248 4251 enim
271 4193 446 4256 luissefere
468 4199 633 4274 epicenon
659 4216 767 4260 occurre
793 4201 893 4280 gotter
920 4201 997 4275 ullo,
1026 4201 1115 4281 idque
1142 4203 1252 4264 sentiet
1281 4203 1312 4264 ni

167 4287 252 4350 lallor
273 4292 324 4370 qui
348 4299 432 4354 curet
454 4293 524 4373 quid
539 4294 578 4356 sit
599 4295 725 4375 elegans,
748 4316 927 4380 quamquam
950 4299 1092 4361 iudicium
1117 4306 1230 4362 certum
1253 4301 1311 4363 nisi

168 4406 184 4446 e
208 4388 385 4452 collectanea
414 4391 554 4455 similium
583 4394 716 4457 locorum
747 4397 781 4458 ad
815 4415 907 4460 unum
931 4397 1065 4459 omnium
1089 4399 1311 4479 comparatione
