2962 5010
578 321 796 386 ..49-

114 496 280 558 luxuriante
313 496 469 559 nominum
503 497 728 560 enumeratione
760 498 838 559 inira
866 497 1009 560 molestus
1038 500 1165 580 scriptor
1190 519 1255 563 esse

114 603 233 675 pergat3
272 597 392 656 nomina
426 595 506 657 euim
528 596 622 674 'ponit
644 614 707 657 non
730 596 830 658 minus
854 595 1034 658 octodecim!
1071 598 1115 658 dd
1137 599 1256 662 Lucreti

114 713 157 753 vv.
176 693 201 754 ll
217 693 278 753 759
294 701 324 754 et
340 694 362 754 V
378 693 439 753 440
463 695 714 773 comparationem
731 695 778 756 vix
797 703 842 756 est
864 695 943 774 quod
959 696 1087 757 voceris,
1117 698 1256 760 Ceterum

114 802 215 853 crescet
237 791 282 852 bis
313 790 401 852 scribi
431 792 493 852 lere
521 793 721 854 necessarium
748 793 817 866 luit,
847 792 938 872 inque
960 813 987 854 r.
1010 792 1072 854 399
1094 795 1255 858 Vossianus

115 889 242 949 maxime
264 887 339 950 liber
360 889 542 969 sequendus3
565 891 697 952 cernitur
720 901 819 952 autem
842 909 960 952 summa
981 891 1138 955 insolentia
1161 895 1251 974 scrip·

115 988 187 1049 toris
210 989 299 1049 altera
322 1007 378 1068 qua
397 989 567 1069 pudibundo
588 991 722 1052 ruborem
752 990 950 1052 construxerit
972 991 1007 1052 ad
1030 991 1255 1054 similitudinem

115 1094 281 1148 structurae
297 1087 520 1165 etymologicae:
540 1090 653 1168 pudens
664 1090 814 1169 pudorem.
850 1088 1022 1166 Purpureus
1038 1089 1134 1168 pudor
1150 1091 1257 1152 dicitur

116 1204 149 1245 en
172 1185 336 1246 imitatione
353 1185 437 1245 Ovidi
451 1186 516 1246 Am.
532 1187 545 1246 l
561 1185 589 1260 3,
609 1188 663 1263 143
686 1186 757 1260 115,
773 1184 813 1246 34
830 1183 878 1260 (ci.
891 1186 1009 1248 Anthol.
1027 1187 1075 1248 lat.
1092 1188 1168 1250 Ries.
1186 1188 1257 1261 217,

117 1283 158 1359 3).
194 1283 254 1343 lam
277 1301 346 1344 vero
362 1293 520 1364 postquam
535 1284 693 1346 tersionem
707 1285 806 1346 locum
829 1283 920 1345 istum
936 1285 1094 1362 legendum
1111 1287 1256 1361 dedimus,

115 1381 147 1440 in
169 1381 264 1459 ipsam
287 1380 357 1441 artis
387 1401 444 1461 qua
474 1383 672 1462 compositum
699 1381 778 1443 istud
807 1400 927 1444 carmen
954 1383 993 1443 sit
1024 1385 1257 1446 observationem

116 1479 322 1539 incumbamus
352 1481 451 1540 nescio
480 1498 552 1542 num
580 1481 744 1559 planiorem
775 1498 812 1540 an
835 1480 998 1559 graviorem
1021 1500 1156 1562 quaeque
1179 1480 1260 1563 quod

116 1577 277 1656 Hauptium
300 1576 374 1654 rugit
402 1577 490 1639 limae
511 1580 644 1657 poeticae
667 1577 889 1640 observatorem
911 1579 1091 1657 singularem
1116 1600 1259 1644 nonnun-

118 1694 205 1756 quam
230 1674 307 1735 aliud
330 1675 424 1752 egisse
451 1677 495 1738 vir
517 1696 653 1739 summus
685 1695 752 1738 cum
776 1675 903 1738 Culicem
935 1677 1037 1738 ederet
1059 1677 1182 1740 dicetur.
1227 1681 1259 1741 ld

117 1774 197 1835 enim
221 1772 305 1833 istius
320 1782 424 1852 poetae
440 1774 583 1837 vocalium
601 1774 813 1836 conlidentium
830 1774 929 1835 odium
953 1773 1010 1834 luit
1031 1784 1065 1836 ut
1081 1777 1260 1858 synaloepha

117 1873 289 1934 abuteretur
309 1871 457 1933 rarissime
480 1891 578 1953 neque
599 1873 652 1933 ubi
681 1871 857 1934 abutebatur
887 1872 954 1933 elidi
983 1874 1094 1934 sineret
1121 1874 1178 1936 nisi
1207 1896 1260 1937 vo-

117 1970 209 2031 calem
233 1968 388 2029 brevem.
432 1970 519 2032 Nunc
541 1988 609 2032 vero
639 1987 699 2031 non
727 1969 829 2048 paucis
858 1970 932 2031 locis
959 1970 1047 2032 etiarn
1074 1973 1179 2052 longae
1207 1975 1260 2035 ab·

118 2077 236 2147 sorptae
258 2065 293 2127 ab
316 2066 492 2148 insequente
514 2068 605 2130 vocali
635 2068 760 2148 syllabae
782 2068 921 2147 leguntur
942 2068 1025 2131 hiatu
1047 2070 1180 2145 duriore;
1209 2073 1260 2151 qui

118 2189 221 2232 versus
243 2177 329 2231 sunt:

240 2280 280 2341 73
304 2279 429 2360 Otiaque
450 2277 559 2340 invidia
582 2279 738 2358 degentem
761 2296 794 2339 ac
816 2277 921 2339 fraude
940 2286 1055 2340 remota

222 2379 281 2439 140
305 2377 380 2439 llicis
403 2386 432 2436 et
454 2377 555 2455 nigrae
578 2384 607 2437 et
629 2376 743 2456 species
767 2376 894 2437 Lethaea
917 2396 1074 2456 cupressus

220 2477 280 2537 245
304 2477 370 2537 Otia
394 2482 572 2555 quaerentes
593 2475 704 2537 frustra
727 2473 842 2548 situlae,
864 2474 904 2535 ite
926 2475 1040 2554 puellae

221 2575 282 2637 248
305 2575 401 2654 Atque
423 2573 494 2634 alias
516 2573 572 2634 alio
596 2573 702 2635 densas
724 2591 832 2652 supero
854 2573 970 2653 agmine
994 2583 1108 2636 turmas

219 2673 281 2734 266
303 2672 477 2734 Femineum
499 2671 670 2751 incorrupta
694 2671 782 2733 decus
805 2679 914 2744 manet,
938 2680 968 2733 et
988 2673 1093 2752 procul
1115 2674 1161 2736 illa

220 2770 281 2832 272
306 2771 366 2831 Nec
388 2769 489 2830 timuit
511 2769 726 2848 Phlegethonta
749 2770 898 2832 furentem
920 2771 1094 2833 ardentibus
1117 2772 1204 2835 undis

220 2869 281 2930 279
304 2869 414 2930 Blanda
438 2887 509 2930 voce
532 2887 645 2948 sequax
666 2869 817 2949 regionem
839 2868 987 2931 insederat
1010 2869 1119 2950 Orphei

221 2966 281 3028 380
305 2967 342 3027 lit
364 2967 535 3028 tamenestsi
559 2967 642 3027 audis
665 2967 797 3028 dimittes
820 2967 921 3029 omnia
943 2967 1041 3029 ventis

221 3064 282 3125 393
306 3064 498 3126 Gramineum
522 3073 554 3126 ut
576 3065 661 3126 viridi
683 3065 797 3126 foderet
820 3065 856 3125 de
878 3065 1005 3149 caespite
1026 3074 1149 3127 terram.

122 3181 193 3242 Vide
216 3200 304 3261 quam
333 3181 508 3259 inprospere
535 3198 600 3241 rem
629 3179 752 3258 gesserit
773 3178 930 3240 hominum
953 3179 1192 3243 doctissimorum
1217 3200 1263 3242 sa-

121 3280 238 3357 gacitas.
278 3279 395 3341 Scilicet
417 3297 487 3340 casu
507 3279 618 3339 lactum
643 3296 709 3339 esse
732 3276 798 3357 quis
822 3278 923 3339 medat
944 3279 1024 3357 quod
1047 3279 1211 3356 versus'illi
1233 3279 1276 3341 in.

122 3378 203 3439 libris
226 3377 436 3457 manuscriptis
453 3393 558 3438 omnes
572 3377 635 3438 lere
658 3376 693 3437 ad
717 3392 813 3436 unum
834 3394 867 3436 se
890 3376 1019 3439 oderunt
1039 3374 1125 3437 nitidi
1147 3385 1176 3439 et
1198 3378 1264 3459 puri

123 3484 151 3537 et
174 3475 270 3535 hiulca
298 3475 440 3536 lectionis.
456 3474 590 3552 molestia
618 3470 725 3536 liberi?
762 3473 854 3552 lgitur
879 3474 1093 3536 recurrendum
1115 3475 1152 3536 ad
1173 3475 1265 3538 libros

122 3574 178 3634 erit
201 3573 403 3652 utendumque
426 3573 461 3634 ad
484 3593 582 3635 veram
610 3573 767 3635 lectionem
793 3571 835 3633 via
858 3573 992 3634 rectiore.
1038 3574 1265 3636 Restituendum

123 3673 153 3732 in
177 3690 203 3731 v.
221 3668 260 3729 73
284 3690 300 3731 e
322 3670 397 3731 libro
421 3671 546 3732 niaxime
570 3671 729 3732 Vossiano:
1276 3674 1279 3679 ’

326 3779 452 3861 (itiaque
475 3781 646 3844 invidiae
669 3783 827 3864 degentem
850 3781 987 3844 fraude
1009 3790 1167 3860 remota3

126 3894 157 3956 in
180 3914 207 3956 v.
226 3893 286 3953 149
309 3891 360 3954 ubi
382 3892 524 3953 uaditum
547 3903 607 3956 est:

324 3989 401 4052 llicis
424 3998 455 4051 et
477 3990 578 4069 nigrae
601 3993 715 4072 species
737 4002 766 4055 et
788 3994 862 4055 laeta
885 4010 1053 4073 cupressus,

125 4103 270 4183 scriptum
293 4103 381 4183 plane
402 4101 518 4163 luerat:

326 4215 402 4308 ilicis
425 4222 455 4276 et
477 4214 580 4294 nigrae
600 4215 714 4296 species
736 4217 889 4277 neclecta
912 4233 1079 4296 cupressus,

127 4325 235 4387 idest:
266 4334 296 4387 et
317 4328 410 4389 tristis
433 4346 606 4407 cupressus3
634 4327 711 4389 sicut
733 4347 757 4389 e
774 4346 802 4406 g.
845 4327 1017 4406 Propertius
1033 4328 1072 4389 lll
1088 4326 1138 4402 28,
1154 4328 1196 4389 52
1218 4345 1269 4391 ooo

123 4424 215 4503 probo
230 4423 368 4505 Posiplsoe
389 4445 459 4505 pro:
482 4434 512 4488 et
527 4426 660 4507 improba
676 4425 830 4506 Pasiphae.
865 4425 965 4488 Genus
979 4434 1078 4488 autern
1094 4425 1150 4487 hoc
1165 4445 1269 4489 emen·

156 4521 246 4574 Birt,
261 4521 290 4566 de
304 4522 449 4568 halieuticis.
1094 4528 1112 4579 4
