2962 5010
608 305 826 370 -57-

146 485 249 562 Neque
271 485 412 547 nimirum
435 485 512 546 inlus
533 486 622 566 piscis
651 485 686 546 ab
714 485 804 547 iulide
829 484 910 562 pisce
932 483 1066 544 diversus
1086 501 1152 543 esse
1175 490 1281 562 potest,

144 584 197 644 sed
216 584 257 644 ita
280 592 406 663 uterque
428 584 619 663 coniungitur
639 584 719 644 velut
739 579 908 663 κάνθαρος
930 590 960 643 et
982 582 1158 661 κανθαρίς,
1182 576 1281 661 σκόμ-

144 683 223 762 βρος
256 689 286 743 et
318 683 477 762 σκομβρίς
509 681 614 744 similia
643 683 743 762 plura3
772 681 839 742 ideo
860 682 937 760 apud
960 681 1128 742 lllarcellum
1155 674 1282 760 πετρώ-

144 799 232 852 εντες
260 780 386 841 audiunt
408 777 536 854 ἴουλοι,
564 781 644 841 velut
673 775 859 861 πετρήεσσα
889 777 993 851 ίοολίς
1015 778 1113 839 estin
1135 778 1282 840 Leonidae

145 877 296 940 Tarentini
322 877 533 957 epigrammate
558 879 677 939 Anthol.
699 879 760 940 Pal.
784 879 832 939 Vll
853 879 932 951 5043
966 897 1035 939 narn
1060 879 1095 939 ab
1125 877 1282 939 Aristotele

144 977 263 1057 quidem
285 976 319 1036 H.
336 976 369 1036 Α.
385 994 412 1055 p.
431 975 559 1037 otono
581 977 661 1038 inter
689 971 730 1037 coi
760 971 900 1053 ἀγελαῖα
929 976 1064 1056 ponitur,
1090 976 1125 1037 ab
1148 976 1282 1056 Oppiano

143 1077 222 1137 inter
249 1074 379 1137 saxatilia
406 1074 512 1134 1124.
555 1075 654 1136 Prima
682 1075 809 1154 piscium
837 1074 902 1154 oapi
927 1075 1001 1136 solet
1029 1075 1113 1150 iulis3
1139 1075 1218 1135 idem
1247 1075 1283 1134 de

144 1175 204 1236 iulo
226 1175 321 1236 valere
345 1174 422 1253 apud
444 1172 673 1234 Eratosthenem
695 1174 712 1234 1.
728 1173 747 1234 1.
771 1173 902 1245 videtur,
929 1172 980 1234 uhi
1008 1181 1088 1236 certe
1115 1173 1228 1253 primus
1256 1171 1283 1231 ei

143 1275 225 1335 locus
248 1273 342 1334 datur.
386 1271 443 1334 Sed
467 1273 591 1332 moleste
613 1278 718 1334 cautus
738 1271 855 1346 videor3
882 1271 942 1332 iam
964 1289 1025 1332 non
1052 1273 1136 1351 nigro
1166 1278 1283 1348 tergore

145 1371 248 1434 iulides
271 1378 351 1441 sunt,
379 1370 429 1433 sed
453 1369 550 1431 variae
572 1389 660 1449 quam
685 1371 813 1431 maxime
836 1370 995 1450 multisque
1018 1370 1207 1450 splendentes
1232 1388 1281 1430 eo-

144 1469 273 1532 lorihus:
294 1469 333 1530 ita
354 1467 431 1547 apud
454 1468 619 1529 Gesnerum
639 1467 763 1529 Animal.
787 1471 882 1532 merit.
905 1489 934 1550 p.
950 1471 990 1531 25
1014 1468 1153 1548 legimus:
1178 1467 1282 1541 „iulist

143 1568 232 1649 piscis
254 1568 300 1627 vix
315 1565 405 1645 digito
420 1566 547 1644 longior,
570 1566 683 1628 varius:
707 1567 849 1630 nimirum
874 1570 961 1630 dorso
984 1567 1128 1628 violaceo:
1151 1586 1166 1627 a
1190 1566 1284 1646 capite

144 1667 180 1728 ad
204 1666 324 1728 caudam
348 1663 524 1726 subauream
546 1664 653 1726 lineam
678 1666 795 1727 ductam
818 1666 921 1738 habet,
949 1667 1018 1728 hinc
1048 1673 1076 1726 et
1103 1664 1173 1725 iude
1195 1664 1284 1725 rostri

144 1766 233 1826 modo
255 1764 419 1826 dentatam:
443 1763 491 1824 cui
512 1781 580 1843 pars
603 1782 676 1843 quae
699 1762 803 1825 subest
825 1764 923 1826 colore
946 1772 991 1826 est
1013 1763 1159 1836 caeruleo,
1182 1769 1284 1823 venter

143 1863 267 1926 candido
300 1862 474 1924 flavescente
507 1881 568 1942 eqs.
592 1881 649 1923 sec
674 1862 901 1938 Rondeletium3
934 1871 963 1924 et
992 1871 1110 1943 postea:
1146 1880 1205 1923 non
1239 1873 1285 1925 est

143 1981 202 2024 una
224 1960 348 2022 iulidum
369 1959 496 2040 species,
527 1960 623 2040 inquit
645 1961 810 2033 Bellonius,
834 1957 965 2023 evariant
988 1961 1065 2023 enim
1090 1961 1203 2032 colore,
1231 1963 1282 2023 sed

144 2077 262 2140 semper
275 2066 465 2121 revertuntur
480 2060 513 2120 ad
530 2078 598 2121 suas
613 2068 698 2121 notas
714 2059 821 2141 quihus
844 2060 879 2121 ab
901 2060 1028 2122 invicem
1044 2060 1283 2121 discernuntur.“

144 2159 207 2231 Qua
229 2158 265 2219 de
286 2176 371 2219 causa
394 2159 560 2237 germanice
581 2159 671 2238 piscis
703 2178 766 2220 non
799 2159 896 2221 solum
930 2158 1120 2221 meeriunker
1152 2168 1282 2231 vocatur,

144 2257 194 2318 sed
217 2255 486 2335 regenbogonfisch.
522 2257 591 2318 Ideo
613 2257 675 2336 ipse
699 2255 851 2338 Oppianus
873 2259 910 2319 lv
925 2258 987 2318 443
1009 2256 1167 2320 ποικίλον
1188 2258 1284 2339 σῶμα

142 2353 275 2435 pisciculi
298 2355 480 2427 memoravit,
502 2354 634 2435 itemque
656 2355 735 2416 idem
751 2356 776 2417 ll
792 2355 854 2417 434
873 2354 1031 2445 βαλιῇσιν
1055 2354 1178 2418 λοολίσι
1195 2374 1282 2435 quam

142 2453 297 2515 lectionem
309 2452 458 2515 indubiam
470 2471 578 2533 anceps
589 2461 623 2515 ut
638 2455 702 2516 fieri
717 2455 792 2515 solet
803 2455 960 2518 scholiasta
972 2455 1096 2535 explicat
1107 2455 1284 2516 καταστίκ-

142 2572 211 2624 τοις
226 2548 246 2633 ἢ
261 2552 418 2628 ταχείαις.
446 2552 483 2612 Et
494 2561 539 2614 est
554 2553 632 2614 celer
643 2552 747 2632 piscis3
765 2553 971 2632 sedquoniam
987 2553 1064 2632 apud
1080 2553 1175 2614 bonos
1187 2552 1284 2633 scrip-

143 2658 222 2710 tores
239 2648 381 2710 vindicari
401 2650 576 2712 adiectivum
600 2669 661 2712 non
683 2652 758 2713 solet
783 2651 838 2714 nisi
853 2652 933 2725 feris,
956 2653 992 2712 cf.
1008 2651 1110 2731 Eurip.
1127 2651 1188 2713 Alc.
1206 2651 1283 2728 5193

141 2747 212 2809 Hec.
228 2746 286 2822 903
309 2747 396 2809 Rhes.
414 2747 490 2823 3563
513 2749 848 2821 nnth01.Pat.v132tt,
871 2750 921 2811 ubi
943 2750 1008 2811 fieri
1030 2757 1129 2830 potest
1151 2751 1282 2812 colorem

141 2846 320 2926 cogitemus3
342 2847 420 2926 quod
444 2848 644 2909 necessarium
667 2849 808 2911 nimimm
832 2850 867 2910 de
890 2848 1017 2928 Dionyso
1041 2849 1164 2910 Thracio
1186 2845 1283 2931 βᾰλις

142 2945 219 3007 dicto
249 2943 350 3021 (habet
366 2944 464 3024 Elym.
486 2944 624 3024 Magnum
647 2944 775 3008 Balteo
798 2941 834 3007 oei
856 2955 986 3024 ταχεῖαι
1002 2993 1009 3007 .
1027 2993 1035 3009 .
1053 2991 1061 3008 .
1076 2993 1083 3008 .
1101 2946 1157 3007 καὶ
1179 2944 1283 3028 βαλιὰ

141 3041 353 3115 διαποικίλας
368 3045 417 3120 [sc.
432 3039 542 3125 domii]
565 3042 620 3104 καὶ
636 3041 736 3126 βοίλιν
749 3044 807 3108 τὸν
821 3041 987 3108 Διόνυσον
1003 3045 1158 3127 Θρᾷκες);
1181 3055 1282 3108 tamen

141 3142 239 3203 minus
261 3142 318 3202 hoc
340 3160 407 3203 cum
430 3140 577 3203 Lohechio
600 3141 737 3222 Aglaoph.
755 3161 783 3221 p.
800 3141 862 3204 293
884 3144 921 3204 de
947 3144 1024 3204 varia
1053 3144 1098 3205 dei
1123 3152 1204 3205 veste
1227 3163 1281 3205 ex-

140 3239 305 3320 plicaverim
328 3258 417 3319 quam
441 3240 477 3299 de
500 3237 628 3322 νεβρίδι
652 3248 702 3301 aut
725 3240 814 3302 etiam
837 3241 873 3302 de
895 3242 1055 3321 pantherae
1077 3242 1151 3320 pelle
1174 3240 1281 3321 quibus

141 3337 319 3399 creberrime
343 3346 465 3400 ornatus
488 3339 560 3399 deus
583 3339 614 3398 in
637 3339 806 3400 vasculariis
820 3338 945 3419 picturis
969 3339 1109 3400 cernitur.
1144 3340 1280 3401 Ceterum

141 3437 218 3516 apud
239 3435 396 3498 inferiores
419 3437 499 3498 velut
520 3435 673 3509 ποικίλος
695 3433 809 3509 αἰόλος
831 3438 919 3499 etiam
943 3435 1060 3518 βαλιός
1082 3445 1170 3499 vento
1194 3437 1280 3500 celeri

140 3536 228 3596 datur
240 3534 403 3607 similibus3
425 3542 526 3596 tamen
541 3535 779 3615 Pseudooppiani
791 3536 862 3616 Cyn.
879 3537 905 3597 11
920 3536 982 3597 314
997 3554 1094 3615 neque
1117 3536 1190 3598 celer
1213 3555 1280 3598 oum

140 3632 295 3695 scholiasta
318 3652 417 3712 neque
439 3637 539 3695 υοιίιιι
565 3634 746 3714 interpretor
767 3636 819 3695 sed
842 3635 999 3697 occasun.
1044 3634 1176 3715 Denique
1202 3634 1280 3695 idem

139 3730 303 3811 antiquitus
327 3731 501 3793 vocabulum
523 3751 588 3793 esse
603 3729 720 3812 βαλιός
735 3732 914 3796 Graecorum
930 3734 1165 3812 Latinorumque
1180 3737 1281 3794 uerius

138 3847 242 3892 vereor
264 3848 302 3891 ne
325 3829 472 3911 hodieque
493 3832 571 3892 viros
593 3831 696 3892 doctos
718 3831 835 3908 fugerit.

224 3927 302 3989 Satis
324 3927 504 3988 intellexisse
526 3928 661 3990 videmur
682 3929 714 3989 in
736 3929 905 3992 llalieuticis
935 3931 1033 3992 latinis
1064 3930 1114 3992 ubi
1143 3947 1203 3991 non
1225 3930 1279 3991 ha·

137 4025 235 4088 buerit
268 4026 366 4087 locum
400 4025 475 4087 iulis.
525 4026 585 4087 Sed
617 4044 704 4087 verus
738 4027 827 4088 etiam
862 4029 942 4089 locus
976 4027 1138 4089 monstrari
1171 4034 1278 4107 potest.

139 4123 235 4196 Quem
263 4124 354 4186 luisse
387 4125 466 4185 inter
498 4123 667 4204 erythinum
691 4142 717 4184 v.
741 4124 802 4185 104
824 4133 854 4186 et
880 4125 958 4186 inter
980 4143 1144 4205 mormyras
1167 4144 1192 4184 v.
1218 4124 1279 4185 110

138 4222 251 4284 Plinius
274 4222 359 4284 testis
382 4231 437 4285 est.
481 4223 542 4284 lam
564 4221 702 4301 inspicias
725 4221 813 4282 velim
835 4241 862 4282 v.
882 4223 956 4282 105:

359 4320 486 4401 Insignis
506 4339 667 4401 sargusque
688 4319 775 4393 notis,
795 4319 919 4399 insignis
942 4329 972 4383 et
994 4320 1056 4382 alis.

138 4415 207 4478 Non
234 4417 294 4479 iam
324 4419 547 4482 caecutiendum
575 4420 701 4500 amplius
726 4425 780 4480 est.
830 4418 960 4482 Piscium
986 4413 1145 4502 πτερύγια
1172 4419 1278 4499 pinnas
