2962 5010
614 301 656 311 -
706 265 767 330 185
808 266 856 310 ‘—

164 445 223 507 fuit
244 478 296 518 -‚
328 445 353 505 is
387 452 485 506 tamen
515 444 552 505 de
579 461 697 504 summa
731 442 802 504 mihi
836 443 984 504 sententia
1021 461 1096 522 quae
1122 444 1158 505 ad
1192 452 1309 523 tompus

163 544 294 625 pertinet
323 542 412 604 etiam
445 540 624 622 propensius
657 543 835 621 sullragetur
863 559 987 603 necesse
1014 541 1080 603 erit.
1132 547 1229 622 Atque
1263 542 1310 602 hic

165 643 286 705 tandem
310 659 418 703 ancora
440 640 542 703 iacitur
566 641 647 702 navis
670 640 833 702 consistito.
871 642 933 702 lam
956 641 1008 703 diu
1030 641 1110 702 enim
1133 641 1309 703 inclamatus

166 743 241 805 mihi
263 741 379 803 videor:
918 758 922 765 ’

266 855 452 933 Torquemur
475 853 576 914 miseri
597 853 628 912 in
651 852 746 930 parvis
768 851 952 932 terimurque
973 853 1073 914 labore

266 953 441 1013 Scrutamur
462 951 554 1013 rimas
576 951 740 1013 evertimus
764 970 854 1012 omne
876 951 1067 1030 profundum.

715 1189 764 1259 xr.

196 1380 198 1385 -
251 1337 329 1398 Loco
362 1336 534 1417 appendicis
566 1355 630 1397 rem
664 1336 816 1398 metricam
851 1336 954 1416 qualis*
979 1345 1009 1398 et
1041 1339 1072 1398 in
1106 1337 1210 1398 Ouidio
1245 1336 1311 1417 ipso

166 1444 197 1496 et
221 1437 251 1496 in
275 1435 444 1498 Halieuticis
466 1434 561 1496 valeat
582 1444 737 1496 tractatam
761 1454 776 1496 a
801 1454 848 1495 me
872 1436 914 1496 dd
939 1436 1007 1497 hist.
1024 1437 1090 1497 hex.
1107 1437 1155 1497 lat.
1172 1455 1200 1516 p.
1217 1437 1311 1514 53sq.

167 1535 310 1596 hocloco
333 1532 508 1596 retractabo.
547 1534 633 1607 Quod
657 1534 736 1595 enim
759 1535 947 1595 hexametros
970 1542 1015 1596 tot
1039 1536 1175 1597 millenos
1198 1536 1229 1596 in
1252 1534 1311 1594 cal-

167 1634 233 1696 culo
260 1642 332 1695 tunc
359 1652 463 1694 omnes
490 1649 601 1713 ponere
628 1650 689 1693 non
715 1632 852 1705 licuerat,
882 1650 962 1694 nunc
989 1634 1079 1695 licuit.
1125 1633 1310 1694 Calculorum

167 1741 267 1794 autem
305 1731 423 1792 numeri
456 1751 471 1792 a
505 1731 695 1792 sermonibus
729 1731 896 1793 numerosis
918 1731 1036 1793 alienati
1060 1740 1091 1793 ut
1113 1730 1205 1792 libelli
1234 1731 1312 1792 illius

166 1831 339 1893 brevitatem
362 1831 450 1892 etiam
475 1830 522 1890 hic
543 1831 714 1891 affectemus
729 1829 916 1909 persuadent.
963 1828 1096 1908 Zingerle
1125 1829 1206 1891 enim
1230 1831 1311 1909 quod

160 1949 216 1991 me
238 1929 296 1991 illic
317 1929 432 1990 duabus
455 1929 663 1991 tantummodo
686 1947 774 1990 usum
791 1947 856 1989 esse
872 1928 985 2008 paginis
1001 1928 1116 2008 paginis
1136 1944 1196 1989 non
1213 1928 1321 1990 minus

167 2029 262 2090 trihus
288 2037 427 2108 gravatur
449 2027 479 2106 (l.
504 2028 522 2088 l.
545 2047 573 2107 p.
601 2027 668 2087 114.
694 2026 763 2088 126.
788 2027 876 2107 120),
905 2028 962 2088 iam
992 2028 1094 2089 decem
1123 2047 1199 2107 quae
1226 2045 1311 2106 prae·

168 2127 235 2189 misi
268 2127 412 2207 capitibus
445 2126 615 2206 placabitur.
662 2127 765 2205 Neque
798 2126 838 2187 ita
871 2146 933 2187 rem
968 2145 1063 2188 meam
1088 2127 1254 2187 distendam
1280 2134 1312 2186 ut

167 2225 298 2306 prolixae
333 2225 384 2285 viri
419 2226 496 2286 docti
519 2225 712 2304 disputationi
737 2225 948 2305 pedetemptim
973 2225 1133 2304 obsequar;
1167 2223 1310 2286 calculum

168 2325 247 2386 enim
272 2343 372 2384 meum
397 2324 485 2385 modo
507 2324 678 2403 inspexerit,
701 2332 751 2385 aut
775 2324 864 2386 nimis
887 2343 941 2403 ego
964 2325 1049 2385 fallor
1071 2335 1121 2385 aut
1144 2343 1257 2385 errasse
1278 2343 1311 2385 se

167 2423 238 2485 satis
253 2423 416 2486 docebitur.
447 2423 510 2484 Hoc
528 2442 620 2484 unum
637 2431 738 2484 contra
755 2422 866 2495 dicam;
890 2413 1000 2484 iniuste
1014 2423 1093 2484 enim
1110 2423 1188 2484 idem
1204 2443 1232 2502 p.
1253 2421 1311 2483 123

167 2532 341 2601 argumenta
364 2540 412 2582 me
436 2540 498 2582 mea
522 2521 612 2582 etiam
642 2522 799 2600 infregisse
822 2521 954 2600 adposita
980 2541 1050 2583 voce
1071 2525 1129 2583 nisi
1148 2522 1242 2601 [ullor
1264 2539 1311 2582 ar-

167 2619 246 2707 guit3
279 2638 368 2699 quam
391 2619 442 2680 uhi
474 2620 561 2701 posui
584 2620 621 2680 de
646 2621 812 2681 llalieuticis
835 2639 882 2681 res
905 2639 966 2681 nou
991 2628 1067 2694 erat3
1102 2620 1152 2681 sed
1176 2621 1260 2699 plana
1283 2629 1313 2680 et

168 2721 280 2797 integra
304 2717 424 2779 metrica
447 2727 619 2795 argumenta
643 2719 784 2778 coniunxi
807 2736 869 2779 non
892 2719 991 2779 minus
1015 2719 1126 2779 decern.
1173 2719 1312 2780 Graviora

169 2827 268 2879 lamen
302 2835 316 2877 a
350 2816 509 2877 levioribus
543 2817 723 2894 distinguere
756 2817 926 2896 supersedi3
964 2818 1063 2896 itaque
1091 2836 1195 2879 eorum
1220 2836 1312 2878 uuum

168 2917 244 2976 infra
266 2917 406 2978 incertius
423 2935 488 2977 esse
505 2915 609 2985 dicam,
631 2924 784 2994 praeterea
808 2916 866 2976 duo
889 2935 964 2996 quae
987 2924 1060 2976 tunc
1075 2916 1191 2976 calculis
1208 2935 1310 2996 parum

169 3014 272 3094 amplis
288 3014 458 3074 nitebantur
474 3032 555 3074 rrunc
570 3031 699 3091 sepono:
723 3031 851 3093 qnorum
875 3013 1002 3074 alterum
1026 3015 1062 3074 de
1085 3013 1233 3093 positione
1257 3033 1313 3075 no-

169 3112 284 3174 minum
307 3113 435 3175 duorum
460 3120 505 3173 est
540 3113 571 3173 in
605 3112 662 3172 linc
696 3112 852 3190 utriusque
880 3112 1063 3174 hemistichii
1097 3113 1176 3175 inter
1209 3135 1240 3175 se
1263 3133 1313 3175 re-

167 3212 378 3291 spondentium
402 3230 478 3292 quae
503 3220 533 3272 ut
560 3212 591 3271 in
614 3211 782 3272 Halieuticis
809 3212 937 3272 occurrit
958 3212 1083 3291 spissior
1105 3214 1211 3286 (semel
1233 3214 1313 3275 inter

167 3310 298 3391 quinque
318 3310 435 3390 metra),
458 3310 497 3371 ita
521 3319 620 3370 tamen
644 3329 659 3370 a
683 3309 784 3370 mobili
798 3311 965 3387 argumenti
980 3311 1089 3389 poetici
1112 3319 1216 3374 natura
1240 3312 1312 3373 adeo

167 3409 285 3486 pendet,
311 3419 343 3471 ut
365 3409 413 3470 hic
434 3409 492 3469 illic
509 3409 629 3469 Ovidius
646 3428 764 3488 quoque
779 3409 815 3470 ad
831 3409 1030 3488 frequentiam
1046 3410 1170 3471 eandem
1187 3412 1313 3473 descen-

168 3507 259 3579 derit;
292 3510 417 3570 alterum
451 3518 497 3568 cst
528 3509 564 3568 de
586 3526 706 3568 caesura
730 3516 799 3588 post
821 3509 993 3570 trochaeum
1018 3519 1158 3589 quartum
1181 3529 1256 3590 quae
1281 3518 1312 3572 ut

167 3607 255 3668 nimis
267 3627 334 3670 raro
346 3609 377 3668 in
386 3607 556 3669 llalieuticis
569 3608 675 3685 legitur
687 3606 791 3685 (semel
805 3607 881 3669 inter
894 3607 933 3668 37
947 3606 1146 3687 hexanretros)
1159 3608 1199 3670 ita
1211 3619 1312 3670 tamen

168 3724 204 3766 ne
219 3706 251 3766 in
266 3706 369 3767 Ouidio
385 3706 503 3785 quidem
521 3725 580 3767 non
596 3724 745 3767 rarescere
760 3706 809 3767 bic
823 3707 882 3768 illic
897 3706 956 3767 visa
974 3716 1027 3767 est.
1061 3706 1227 3786 Supersunt
1243 3726 1312 3768 vero

167 3804 387 3866 ohservationes
411 3804 535 3865 omnino
557 3822 619 3864 non
635 3803 789 3882 ambiguae
804 3814 928 3885 septem.
962 3804 1077 3879 Quibus
1094 3803 1232 3883 equidem
1251 3822 1312 3866 non

166 3901 277 3963 frustra
292 3903 511 3982 obtemperavi3
533 3913 622 3982 atque
639 3904 710 3963 haec
726 3922 790 3963 mea
807 3923 896 3982 quam
912 3921 965 3982 per
979 3911 1076 3963 totum
1095 3902 1203 3963 librum
1219 3903 1312 3964 istum

168 4003 243 4062 traxi
266 4000 426 4080 disputatio
461 4001 529 4061 licet
563 4001 597 4062 ad
633 4001 808 4062 discendum
843 4019 931 4080 quam
966 4000 1002 4061 ad
1029 4001 1197 4062 docendum
1222 4000 1313 4079 magis

167 4099 276 4178 scripta
299 4100 440 4172 videatur,
471 4099 506 4159 ad
530 4116 675 4158 summam
700 4110 801 4160 tamen
824 4099 881 4159 hoc
903 4116 996 4160 unum
1020 4098 1155 4160 docuerit
1177 4099 1312 4159 evicerit-

167 4216 226 4275 que
248 4218 368 4260 necesse
397 4206 444 4258 est
472 4196 714 4258 observationum
748 4197 836 4257 tidem
871 4197 908 4256 de
942 4197 1156 4258 consuetudine
1192 4197 1312 4258 metrica

165 4296 368 4359 institutarum
385 4314 533 4358 summam
549 4313 615 4355 esse
638 4304 668 4357 et
690 4295 823 4356 stabilem
846 4305 875 4356 et
898 4294 1103 4375 incorruptam
1126 4305 1155 4357 et
1180 4314 1313 4358 veracem

167 4396 273 4476 cuique
306 4396 358 4476 qui
391 4414 453 4458 non
485 4402 589 4477 parcat
610 4394 642 4455 in
663 4395 728 4456 luce
751 4393 846 4455 media
870 4393 1020 4455 caecutiat.
1064 4396 1159 4474 Atque
1181 4394 1312 4476 primum
