2962 5010
621 278 866 341 -169-

169 451 265 530 Vulgo
298 452 401 531 legunt
433 448 469 514 ἐν
490 449 689 536 ιΜαιοιίαις,
723 472 779 518 nos
808 472 870 515 rem
897 456 937 515 ita
958 454 1182 517 adornabimus:
1216 470 1315 535 σκορ-

169 545 254 632 δύίη
285 548 439 634 πηλαμύς
469 548 565 632 (ἔστι)
595 551 711 635 μικροί,
743 548 788 636 (ἢ)
818 549 950 637 νήχεται
979 551 1015 616 ἐκ
1042 549 1225 633 μαιοίιιδος
1254 554 1315 632 (είς

168 644 231 709 τὸν
260 644 411 730 Πόντον).
455 651 499 712 lta
532 652 612 714 enim
639 652 877 733 etiamreliquas
900 655 958 716 hoe
983 653 1130 734 incapite
1152 653 1314 715 sententias
1381 669 1385 685 ¹

168 746 370 810 conformavit
391 748 582 813 Xenocrates.

169 859 268 920 colia
288 860 352 922 sive
366 861 511 924 Parianus
534 863 595 925 sive
614 861 728 924 Sexita-
757 883 819 944 eap.
832 866 889 928 34:
906 861 1044 927 κολίαι
1057 860 1212 946 εὔστομοι
1224 885 1315 947 κινη-

170 975 231 1018 nus
257 960 420 1041 apatria
442 961 605 1036 Baetica,
634 963 729 1022 lacer·
757 962 844 1025 ιικοὶ
870 959 1012 1037 κοιλίας·
1039 960 1252 1046 κράτιστοι
1279 959 1313 1025 d'

171 1067 272 1118 torum
296 1058 438 1120 minimae
460 1059 514 1138 (ita
536 1059 602 1121 cod.
618 1060 651 1121 B.
675 1064 728 1121 mi·
758 1063 796 1128 ot
818 1061 1021 1149 Ἰβερικοί.

167 1158 247 1217 καάι·
269 1157 362 1233 οοίί.);
394 1157 430 1219 ab
463 1157 510 1219 nis
539 1156 730 1220 *monereses

171 1256 225 1331 lita
248 1256 558 1332 cadomensem
579 1258 666 1333 rell).

171 1380 279 1444 Graece
296 1400 301 1407 ⁴
316 1383 443 1462 plurima
479 1384 538 1444 hoc
573 1384 637 1446 loco
674 1391 725 1444 aut
758 1383 794 1443 ab
826 1380 992 1443 Xenocrate
1024 1380 1089 1460 ipso
1123 1380 1231 1440 omissa
1264 1385 1315 1440 aut

121 1530 124 1535 ,
170 1480 271 1560 potius
293 1481 400 1544 amissa
422 1490 500 1543 suot.
545 1482 688 1544 Parianus
721 1480 808 1543 colias
841 1489 931 1542 notus
964 1499 999 1541 ex
1022 1480 1095 1540 falso
1119 1477 1245 1539 Hesiodo
1270 1485 1313 1538 est

170 1578 249 1658 apud
272 1580 378 1642 Athen.
401 1600 429 1661 p.
450 1580 509 1642 116
522 1580 551 1642 C.
597 1579 774 1642 Scombrum
802 1587 901 1641 autem
924 1579 1081 1641 Parianum
1105 1597 1173 1640 carm
1197 1577 1314 1639 noverit

170 1675 353 1740 Xenocrates
366 1697 429 1759 cap.
441 1680 491 1751 34,
507 1679 594 1740 etiam
611 1680 716 1742 collam
729 1679 887 1741 Pariauum
898 1699 965 1741 eum
978 1680 1095 1741 novisse
1107 1677 1223 1746 eredes3
1246 1694 1313 1736 cae-

171 1775 222 1837 des
238 1775 324 1837 etiam
341 1777 453 1857 reliqua
473 1778 579 1841 amissa
602 1779 679 1860 apud
702 1798 770 1841 eum
795 1797 859 1840 esse
882 1777 1074 1858 sequentibus
1098 1793 1186 1857 quam
1209 1793 1312 1836 manca

169 1873 230 1935 siut
251 1876 414 1955 perpensis.
451 1877 493 1938 nd
509 1879 634 1938 lacertos
658 1877 762 1938 collam
778 1875 925 1956 pertinere
948 1875 1095 1956 simulque
1118 1872 1312 1935 clarissimum

171 1991 274 2034 eorum
298 1973 469 2037 Sexitanum
502 1995 567 2038 esse
588 1973 727 2037 Martialis
750 1977 837 2036 docet
860 1973 910 2036 vll
933 1972 983 2044 78,
1009 1975 1042 2034 1:
1079 1972 1151 2034 Cnm
1173 1971 1316 2034 Sonetnnt'

165 2083 297 2151 ponetur
311 2074 405 2136 conde
419 2069 535 2149 lncern'3
557 2075 593 2136 cl.
611 2075 759 2154 Diphilum
776 2073 853 2154 apud
866 2073 972 2134 Athen.
985 2092 1012 2153 p.
1030 2070 1085 2134 121
1096 2071 1136 2132 l:
1151 2073 1313 2150 κρείσσων

170 2167 208 2232 dd
223 2164 242 2236 ὅ
257 2166 444 2252 optamus
458 2169 513 2234 καί
530 2167 685 2245 locande,
712 2167 730 2233 ὁ
754 2169 932 2245 σαξιιανός
953 2164 1138 2253 λεγόμενος.
1168 2170 1226 2231 Pro
1243 2170 1315 2232 colio

170 2279 269 2333 autem
292 2271 370 2351 apud
386 2270 514 2333 Plinium
530 2288 592 2333 non
609 2269 697 2332 cottas
711 2270 901 2332 scribendum
917 2271 969 2332 sed
986 2270 1088 2344 coliae3
1110 2269 1180 2331 inde
1202 2268 1313 2348 pendet

169 2372 283 2432 minimi
290 2391 298 2445 3
323 2369 453 2431 indidem
477 2370 508 2430 in
531 2371 595 2431 cod.
618 2369 828 2453 Bambergensi
851 2370 1080 2433 adsimulatione
1102 2377 1201 2430 ortum
1223 2371 1312 2429 mini-

168 2486 241 2530 moe.
295 2467 430 2549 lienique
464 2468 590 2529 multum
624 2487 677 2547 ego
710 2468 778 2529 trivi
810 2478 930 2550 tempus
964 2469 1122 2530 divinando
1156 2467 1211 2529 sub
1245 2485 1312 2529 cor-

168 2566 343 2647 ruptissimo
366 2567 417 2628 illo
440 2583 598 2628 monereees
620 2566 690 2646 quid
714 2567 807 2629 latere
829 2568 873 2629 vel
895 2567 990 2649 possit
1011 2568 1056 2629 vel
1079 2566 1198 2640 debeat3
1232 2584 1312 2629 nnnc

167 2680 231 2725 nno
253 2663 344 2726 verbo
365 2664 564 2727 adscribatur:
587 2664 622 2725 ed
645 2665 687 2726 nn
708 2667 907 2729 omotariedns.

169 2788 377 2852 tritomum:
400 2790 588 2872 pelamydum
610 2789 725 2869 generis
753 2812 815 2873 cap.
833 2792 888 2856 34:
920 2795 1130 2876 Τρίιομον
1157 2791 1213 2864 (vel
1239 2812 1311 2874 τρι-

168 2887 268 2967 magni
305 2907 346 2950 ex
380 2909 452 2969 quo
483 2898 590 2952 terna
623 2892 725 2973 cybia
753 2887 1310 2974 ιώκ)κύβιονδύσφθαριον,σιε-

166 2989 276 3081 liunt.
754 2987 911 3073 ρεοίιεροι
925 2989 983 3052 τοῦ
1004 2990 1129 3070 engilon,
1156 2982 1310 3071 ediiad'

475 3172 477 3177 .
753 3087 903 3173 densete·
1229 3186 1233 3195 ‚

167 3217 202 3279 ln
224 3214 332 3296 quibus
360 3215 459 3301 minus
490 3217 656 3280 eiciendum
688 3216 815 3298 κύβιον,
848 3235 937 3297 quam
970 3214 1086 3295 plenius
1119 3213 1310 3277 scribendum

168 3315 299 3377 videtur:
322 3316 478 3396 τρίιομον
496 3316 625 3397 τριττὸν
640 3314 771 3400 eddium
793 3325 922 3381 ceterum
944 3314 986 3377 ita
1001 3315 1082 3377 velut
1095 3312 1152 3376 suh
1175 3314 1310 3394 apolecto

166 3420 317 3475 contracta
341 3431 441 3493 graeca
466 3415 613 3495 leguntur.

251 3511 348 3592 Atque
370 3513 416 3573 his
437 3514 683 3578 similitudinibus
706 3516 835 3578 collectis
857 3515 1017 3595 neglegens
1040 3513 1154 3579 dicerer
1176 3513 1234 3575 nisi
1256 3514 1309 3576 ad·

167 3609 267 3673 derem
283 3611 406 3675 coluthia
419 3616 477 3674 sive
492 3616 627 3694 coryphia
641 3634 717 3695 quae
732 3616 833 3678 eadem
851 3633 886 3677 ex
902 3615 1046 3695 scriptore
1067 3615 1170 3680 itidem
1195 3615 1309 3677 medico

166 3717 371 3772 memorantur
394 3730 410 3771 a
431 3710 524 3774 Plinio
547 3713 654 3776 XXXll
677 3714 717 3777 84
740 3716 829 3777 etiam
861 3714 939 3795 apud
962 3713 1160 3777 Xenocratem
1194 3722 1309 3776 exstare

165 3826 229 3887 cap.
245 3807 301 3871 22:
324 3803 367 3870 τὰ
386 3805 425 3870 δὲ
444 3805 584 3872 κοίίκια
600 3813 657 3887 (vel
672 3809 840 3890 κοίούλια)
863 3809 883 3895 ἢ
902 3807 1049 3894 ικοριίχια
1071 3813 1129 3892 (vel
1151 3805 1309 3894 κορίφια)

166 3925 224 3986 qua
250 3907 287 3968 de
314 3907 440 3970 lectione
469 3910 560 3971 multa
586 3911 693 3973 trustra
720 3911 820 3974 Gorais
847 3912 979 3992 disputat
1003 3932 1033 3992 p.
1051 3913 1110 3976 130
1122 3930 1204 3992 sqq.;
1238 3928 1308 3973 nam

165 4005 283 4067 lectioni
295 4006 446 4068 Plinianae
461 4008 597 4069 indubiae
612 4016 672 4070 tam
689 4009 793 4071 similis
805 4010 985 4074 Xenocratea
1002 4019 1057 4082 est,
1073 4019 1106 4073 ut
1121 4011 1223 4073 eadem
1240 4029 1307 4074 mu-

165 4102 261 4165 ricum
284 4121 391 4182 genera
413 4106 566 4184 intellegas
587 4122 710 4169 necesse
731 4108 777 4169 sit.
823 4108 896 4169 item
919 4110 956 4170 ad
978 4109 1053 4172 Plini
1075 4108 1200 4173 aaronis:
1223 4127 1308 4189 quent

166 4201 219 4263 alti
238 4203 360 4283 nipdion
381 4215 484 4266 vocam
506 4204 541 4266 cl.
557 4205 683 4268 Xenocr.
700 4222 764 4289 cap.
779 4205 815 4268 8:
839 4205 961 4288 θρανίς
986 4204 1006 4291 ἢ
1033 4205 1146 4289 ξιφίας
1162 4203 1307 4289 κητώδης

165 4297 254 4376 toan
284 4301 327 4364 ita
359 4302 437 4365 otia
459 4302 538 4383 apud
560 4303 757 4367 Xenocratem
778 4312 851 4366 suot
872 4322 935 4385 cap.
951 4303 992 4366 28
1014 4314 1044 4368 et
1066 4304 1117 4367 32.
1161 4306 1254 4371 Pone
1275 4308 1306 4370 io

165 4399 296 4480 catalogo
317 4400 467 4465 rarissima
488 4404 562 4465 haec
577 4412 756 4467 cernuntur:
778 4404 935 4482 neemiam
954 4405 1035 4469 ιοίαι
1048 4402 1090 4490 [α’
1103 4405 1258 4492 malefcod.
1273 4406 1306 4486 Β]
