2962 5010
530 344 773 408 ·-4o-

88 525 202 583 ciocum
217 521 315 582 Paron
335 520 477 591 exhibeat,
501 519 606 579 deinde
626 538 661 579 en
683 519 746 596 ipso
762 516 888 596 Vergilio
911 523 1030 594 sumpta
1053 515 1154 576 viridis
1168 513 1231 574 llo-

88 640 172 690 nusu,
195 620 325 700 denique
339 618 447 697 depicto
462 619 511 693 (cf.
529 616 614 678 Ovidi
629 635 655 677 v.
672 616 734 677 472
746 619 823 695 sqq.)
848 625 877 676 et
897 613 1029 693 Seriphos
1049 613 1232 690 sementisero

89 737 156 780 cum
180 717 257 798 apud
281 718 429 779 Nasonem
449 716 541 796 plano
555 714 688 793 Seriphos
710 714 756 774 sit.
794 713 854 774 lam
877 730 945 773 vero
972 712 1047 773 sicut
1070 712 1106 770 ad
1122 710 1231 772 Parum

89 816 305 896 designandum
329 816 416 876 unice
440 823 542 893 aptum
570 831 701 874 marmor
729 812 795 882 luit,
823 811 859 871 ad
884 810 1030 871 Cimoliam
1060 818 1139 871 oreta
1166 807 1232 887 (tri-

87 914 202 976 tissima
225 914 298 976 hacc
319 922 398 975 creta
419 911 533 973 Plinio:
557 911 595 972 cl.
611 910 715 983 XXXV
734 908 792 970 195
803 928 867 990 sqq.
889 909 943 970 XX
958 907 1019 968 212
1034 908 1101 968 XXl
1120 907 1178 969 138
1201 915 1232 968 et

88 1013 171 1073 locos
191 1012 315 1090 plures),
337 1011 496 1072 sicutblet.
513 1008 653 1071 1111222
675 1008 801 1069 fecunda
825 1009 912 1069 melle
941 1015 1062 1069 vocatur
1083 1007 1231 1085 Calymne,

88 1111 130 1172 ita
152 1111 353 1189 quaerendum
378 1116 423 1170 est
446 1109 560 1169 insulae
576 1108 681 1187 Cytbni
704 1106 774 1187 quid
800 1107 927 1168 maxime
951 1106 1105 1186 proprium
1129 1104 1231 1178 l'uerit3

88 1211 226 1288 thymum
247 1208 340 1269 luisse
363 1207 510 1278 nescitum
541 1206 633 1267 scitur
656 1206 728 1278 boc3
760 1223 830 1265 nam
855 1204 931 1284 apud
955 1205 1107 1266 Pollucem
1130 1203 1167 1265 v1
1190 1202 1230 1264 63

88 1307 168 1367 inter
191 1307 244 1367 alia
258 1306 352 1368 multa
369 1301 461 1386 παρὰ
474 1312 545 1375 τοῖς
561 1301 722 1375 παλαιοῖς
738 1297 975 1383 εὐδοκιμοῦντα
990 1302 1119 1365 occurrit
1142 1302 1231 1362 ctiam

89 1400 186 1486 τορὸς
211 1399 360 1476 Κύθνιός
380 1425 416 1464 τε
438 1399 493 1462 καὶ
515 1398 702 1478 Σταελικός,Ι
724 1401 819 1483 τορὸς
838 1398 988 1472 Κύθνιος
1011 1400 1233 1462 memorabatur

90 1502 169 1564 Alexi
191 1510 296 1582 poetae
319 1502 427 1562 Athen.
443 1519 472 1580 p.
489 1499 551 1560 516
565 1501 604 1574 Ε;
625 1499 713 1582 τυρῷ
740 1501 879 1582 Κοθνίῳ
906 1507 1080 1560 contentum
1103 1518 1136 1560 se
1159 1498 1232 1560 dixit

88 1600 233 1680 Epicurus
249 1599 345 1661 Laert.
360 1599 443 1678 Diog.
460 1598 486 1658 X
504 1597 557 1670 113
580 1616 650 1658 nam
674 1599 783 1677 cytisus
804 1598 908 1677 Cythni
933 1606 996 1659 erat
1018 1599 1146 1678 indeque
1168 1606 1231 1658 tra-

89 1698 165 1759 latus
188 1697 221 1759 in
243 1714 347 1758 omnes
372 1696 520 1777 Cycladas,
545 1714 651 1774 magno
676 1696 772 1757 casei
795 1704 960 1775 proventu:
985 1696 1060 1756 Plin.
1077 1695 1142 1756 Xlll
1161 1694 1231 1784 134.

89 1796 191 1876 ltaque
218 1797 255 1857 de
281 1796 407 1858 lectione
437 1795 579 1857 ovidiana
613 1795 671 1856 iam
707 1812 768 1855 non
800 1795 948 1856 dubitabo.
990 1793 1122 1854 addidici
1156 1794 1229 1856 duo:

89 1894 149 1955 iam
171 1894 249 1955 enim
270 1895 321 1956 ubi
337 1894 427 1956 latina
446 1911 503 1953 vox
518 1892 630 1972 (casco)
646 1891 839 1974 repugnabat,
862 1911 966 1970 graeco
988 1892 1128 1954 vocabulo
1151 1891 1231 1970 quod

90 1991 213 2053 minime
236 2000 495 2071 expectaveramus
517 1991 562 2052 uti
583 1992 692 2052 audere
706 1992 855 2052 Nasonem
875 1990 1034 2064 cernimus,
1058 1991 1137 2051 uude
1160 2007 1232 2050 con-

91 2089 271 2151 cludendum
300 2090 415 2151 videtur
440 2109 503 2150 non
531 2089 626 2150 solum
661 2084 822 2171 βούτυρον
848 2088 944 2168 (apud
973 2089 1090 2150 Celsum
1118 2089 1171 2164 al.)
1202 2098 1232 2149 ct
1345 2092 1346 2095 ’

89 2185 304 2270 τοροτάρτχος
326 2188 431 2264 (Cicer.
458 2188 493 2249 ad
515 2187 573 2248 aa.
594 2188 631 2250 lV
651 2187 670 2249 8
695 2196 722 2249 et
744 2187 809 2248 xlv
831 2187 869 2247 16
893 2187 979 2248 etad
1002 2185 1233 2259 FamiLlX163

91 2289 127 2346 cl.
152 2285 229 2365 apud
258 2285 391 2366 Apicium
422 2286 619 2366 tyropatinam
646 2285 695 2346 Vll
720 2285 772 2365 11)
805 2286 938 2347 Romano
972 2286 1160 2348 accomodata
1189 2284 1233 2344 ori

89 2384 182 2445 luisse
204 2384 255 2445 sed
284 2385 382 2464 ipsum
407 2403 527 2464 quoque
558 2381 673 2465 evodo,-
705 2384 746 2444 ita
777 2393 810 2445 ut
839 2385 1025 2464 aliquatenus
1060 2402 1232 2463 comparare

90 2502 127 2544 ex
150 2482 252 2544 Ovidio
282 2483 369 2544 liceat
400 2484 551 2562 lampadas
583 2491 612 2544 et
645 2483 782 2545 aulaeum
816 2492 846 2545 et
869 2491 1010 2544 crateram
1035 2491 1065 2544 et
1086 2483 1231 2562 pyxidem.

90 2581 203 2642 Deinde
218 2599 288 2643 vero
305 2600 364 2660 quo
386 2580 457 2642 illud
472 2582 561 2642 etiam
577 2582 721 2653 firmetur,
742 2580 900 2642 temerarie
915 2580 1039 2660 iusuper
1054 2581 1232 2660 corripuisse

90 2687 211 2760 poetam
239 2678 391 2741 ceruimus
417 2680 535 2758 longam
556 2700 577 2740 ο
603 2678 749 2754 vocalem3
780 2678 941 2740 defendere
967 2697 1035 2739 eum
1064 2680 1144 2741 voles
1170 2680 1232 2740 lor·

90 2786 169 2838 tasse
191 2777 362 2839 Theocriteo
385 2796 470 2838 versu
493 2777 560 2839 158
585 2778 635 2838 ubi
658 2780 738 2839 vocis
760 2772 916 2860 τορόεντα
938 2786 1073 2857 correpte
1095 2796 1232 2857 pronun·

90 2874 221 2937 tiandam
254 2893 319 2936 esse
351 2875 490 2954 syllabam
523 2874 650 2954 primam
684 2883 713 2938 et
734 2875 900 2938 Lobeckius
935 2876 971 2937 ad
994 2877 1131 2955 Sopbool.
1155 2876 1231 2936 diac.

91 2992 120 3053 p.
139 2973 199 3034 184
221 2973 340 3051 agnovit
362 2982 392 3034 et
407 2973 585 3045 lleinekius3
608 2974 661 3035 sed
686 2993 773 3036 causa
795 2974 849 3036 alia
874 2976 1024 3047 videlicet,
1047 2993 1104 3035 usu
1119 2973 1233 3033 Roma-

92 3090 199 3133 norum
227 3090 289 3132 non
322 3071 530 3132 transformari
562 3072 627 3132 soni
661 3073 757 3151 graeci
789 3090 852 3133 non
885 3079 1037 3152 poterant3
1071 3071 1155 3133 cuius
1189 3070 1232 3130 rei

91 3170 222 3249 exempla
244 3169 275 3230 in
297 3169 385 3230 huius
408 3169 616 3248 disputationis
639 3168 767 3231 decursu
793 3172 940 3250 praeclare
968 3171 1072 3232 similia
1103 3189 1135 3230 se
1159 3169 1232 3229 oile-

90 3276 168 3330 rent.
201 3269 235 3328 ln
257 3268 352 3329 Plauti
366 3267 426 3329 Mil.
441 3268 521 3331 Glor.
537 3288 563 3328 v.
578 3268 619 3328 24
642 3268 693 3329 ubi
713 3272 855 3349 epityrum
878 3277 1059 3330 memoratur
1082 3269 1150 3343 (hoo
1172 3276 1232 3327 est:

91 3367 169 3443 quod
192 3367 237 3427 vel
259 3374 328 3446 post
349 3385 468 3427 caseum
492 3367 537 3427 vel
558 3367 595 3428 ad
619 3385 738 3428 caseum
761 3366 944 3446 comedatur)
968 3367 1038 3447 quid
1061 3367 1124 3445 ipse
1146 3373 1232 3446 poeta

90 3464 204 3526 dederit
226 3464 381 3526 nonsatis
403 3464 503 3545 liquet
541 3465 679 3526 Ceterum
703 3465 755 3544 qui
775 3465 980 3545 florentemque
1005 3465 1100 3545 Sproo
1129 3464 1232 3526 Ovidio

90 3561 200 3623 dabant
233 3571 262 3623 et
293 3562 349 3641 ipsi
381 3563 544 3624 solemnem
576 3571 656 3625 certe
679 3564 798 3625 Graecis
822 3583 994 3626 mensuram
1029 3563 1231 3644 neglegebant.

90 3660 224 3740 Denique
246 3669 310 3738 tpro
329 3660 407 3722 sicut
429 3661 577 3740 singulare
603 3671 657 3736 est,
681 3663 723 3724 rei
746 3671 846 3724 tamen
869 3682 931 3723 non
954 3665 1055 3724 minus
1076 3661 1232 3740 singularis

89 3758 260 3837 exemplum
287 3757 415 3825 iniciam.
460 3760 535 3820 Nam
557 3761 589 3821 in
612 3761 780 3822 Horatianis
809 3761 866 3822 illis
888 3760 1027 3840 deprome
1049 3762 1232 3840 quadrimam

89 3855 214 3928 Sabino,
245 3855 270 3915 O
293 3855 470 3931 Thaliarche,
498 3876 612 3920 meeum
641 3861 718 3920 dioto
740 3861 766 3922 si
786 3859 864 3920 forte
891 3860 970 3920 dioto
997 3859 1029 3919 in
1060 3859 1140 3919 libris
1170 3876 1232 3919 non

90 3954 179 4033 plane
202 3954 371 4032 legeremus
398 3954 450 4014 sed
479 3956 524 4015 vel
548 3956 632 4017 dioro
654 3959 700 4017 vel
722 3958 833 4029 simile,
865 3975 925 4018 nou
949 3957 1066 4018 minore
1089 3976 1178 4037 quam
1201 3957 1231 4016 in

90 4051 193 4113 ovidio
220 4052 339 4115 audacia
367 4071 471 4113 verum
498 4053 674 4131 refingeres:
707 4073 776 4115 nam
806 4073 902 4135 neque
934 4055 966 4116 in
1000 4054 1104 4116 litteris
1132 4053 1231 4115 latinis

90 4151 169 4211 diota
188 4151 315 4212 recurrit
336 4159 366 4212 et
391 4159 491 4212 tamen
515 4169 553 4212 ne
580 4161 660 4213 reeta
683 4152 803 4231 quidem
833 4171 934 4230 graeca
960 4153 1056 4213 forma
1084 4161 1129 4213 est
1155 4169 1231 4230 quae

91 4258 143 4309 aut
164 4245 283 4322 δίωτος
303 4249 411 4312 fuisset
433 4259 484 4311 aut
505 4247 636 4326 damme,-
663 4250 761 4329 itaque
785 4251 893 4311 latime
916 4250 1151 4319 consuetudinis,
1175 4268 1231 4329 qua

90 4363 194 4426 graeca
206 4346 376 4419 violabatur,
388 4339 566 4410 Horatianus
594 4349 676 4410 locus
692 4348 778 4408 testis
789 4367 867 4409 unus
880 4357 909 4409 et
920 4349 1002 4410 solus
1015 4358 1073 4409 est:
1092 4348 1128 4409 cf.
1141 4348 1231 4408 bent-

91 4445 182 4505 leium
198 4444 295 4507 Carnu
309 4447 322 4507 1
336 4447 366 4517 9,
383 4446 402 4508 8
423 4455 452 4508 et
466 4447 739 4527 Zangemeisterum
754 4446 797 4509 lle
812 4447 883 4509 flor.
898 4446 1019 4509 vocibus
1040 4446 1146 4525 singul.
1157 4465 1185 4525 p.
1201 4447 1230 4506 7.
