2962 5010
617 323 861 387 -105-

166 506 272 568 decimi
295 523 357 566 non
381 503 514 565 cernitur
535 501 594 563 nisi
616 508 705 581 caput
727 500 788 571 Sin,
812 518 914 561 versus
937 508 1035 561 autem
1060 497 1158 579 quinti
1180 505 1209 558 et
1232 497 1309 558 vice·

166 607 233 667 simi
256 624 318 666 nou
342 603 399 665 nisi
414 601 544 663 clausula
566 605 597 662 io
624 619 722 670 coros,
746 600 815 661 inde
831 601 1023 679 archetypum
1040 598 1110 659 olim
1126 595 1310 660 continuisse

166 707 197 767 in
219 704 327 784 pagella
351 719 411 763 una
427 720 542 781 quaque
564 719 667 761 versus
689 701 749 760 fere
766 698 935 777 quindecim
960 696 1310 771 eademratiocinatione

166 804 299 881 colligas3
328 820 481 862 sumamus
503 818 644 862 versuum
668 800 827 877 tluctuasse
854 799 932 860 inter
957 799 1049 858 11et
1074 798 1112 857 15
1136 804 1311 868 numerum3

166 921 320 965 sumamus
343 901 414 962 item
438 900 517 979 quod
540 899 601 960 veri
627 897 811 958 simillimum
845 904 890 957 cst
924 896 1076 958 mutilatus
1110 896 1175 956 illos
1208 912 1311 955 versus

167 1001 316 1062 decimum
339 1007 370 1058 ct
391 997 562 1058 vicesimum
585 997 724 1076 quintum
740 996 867 1075 pagellae
882 995 995 1074 primae
1017 994 1197 1073 alteriusque
1220 993 1311 1055 luisse

169 1099 289 1178 ultimos
324 1103 354 1157 ct
381 1097 416 1158 ad
440 1097 604 1175 marginem
637 1096 809 1159 inferiorem
842 1095 1012 1174 proximos3
1046 1093 1150 1155 tertiae
1182 1093 1312 1172 pagellae

168 1199 289 1258 ultimus
319 1195 422 1258 evadet
445 1216 471 1257 v.
495 1195 545 1268 39,
577 1202 699 1274 quartae
723 1215 749 1255 v.
770 1194 820 1266 54,
844 1195 964 1274 quintae
988 1213 1014 1254 v.
1038 1193 1077 1254 67
1102 1192 1312 1272 (repetebatur

167 1297 244 1357 enim
269 1315 295 1356 v.
316 1295 357 1355 52
385 1300 453 1374 post
475 1314 499 1354 v.
523 1292 585 1373 aa),
613 1293 743 1372 denique
766 1313 791 1354 v.
812 1292 850 1354 81
879 1299 977 1353 sextae
1003 1291 1218 1370 paenultimus,
1245 1298 1312 1369 post

167 1415 256 1474 quem
279 1393 427 1456 interiisse
450 1409 543 1453 unum
567 1410 686 1453 versum
711 1390 825 1470 (sextae
846 1411 916 1452 eum
937 1391 1067 1470 pagellae
1089 1390 1240 1463 ultimum)
1263 1389 1312 1449 in-

169 1494 316 1555 tellectum
333 1501 386 1554 est.
424 1493 485 1554 lam
507 1505 578 1554 vero
600 1492 688 1553 etiam
705 1500 773 1570 post
788 1512 814 1552 v.
831 1489 872 1550 90
889 1491 1058 1566 hexameter
1080 1489 1196 1550 interiit
1219 1507 1312 1562 unus3

167 1594 266 1673 itaque
289 1592 379 1654 etiam
402 1609 505 1652 versus
528 1590 569 1650 90
592 1591 718 1669 pagellae
741 1590 883 1670 septimae
911 1590 949 1650 sit
971 1589 1181 1668 paenultimus.
1226 1588 1312 1651 Vides

168 1693 310 1771 septimae
343 1690 391 1752 isti
425 1707 485 1750 non
518 1688 686 1767 quindecim
720 1696 793 1768 quot
820 1706 874 1767 par
897 1696 958 1749 erat
989 1695 1083 1748 metra
1117 1686 1238 1748 concedi
1261 1685 1311 1746 sed

168 1809 274 1851 novem
297 1796 429 1862 tantum3
451 1787 551 1866 itaque
566 1786 621 1847 hac
642 1787 686 1847 via
709 1794 778 1867 post
792 1807 817 1848 v.
836 1786 876 1848 86
892 1793 943 1847 aut
959 1786 1091 1866 quinque
1114 1792 1165 1847 aut
1187 1805 1239 1846 sex
1260 1784 1313 1845 ah-

168 1895 269 1967 sorpta
297 1895 391 1950 metra
420 1885 680 1965 deprehendimus.
725 1886 755 1947 Si
781 1885 979 1965 perscriptum
1006 1902 1109 1964 poema
1136 1885 1169 1945 in
1199 1882 1313 1960 singula

168 1986 271 2066 pagina
305 1985 452 2047 columnis
483 1983 561 2045 binis
593 1985 699 2056 luerat,
734 2003 820 2047 vorsu
846 1985 882 2045 to
905 1982 1063 2045 liniebatur
1084 1983 1188 2062 pagina
1208 1983 1314 2062 prima,

170 2106 194 2146 v.
211 2085 251 2146 39
275 2085 412 2157 secunda,
435 2104 459 2144 v.
478 2082 518 2143 67
540 2083 637 2157 tertia,
660 2084 788 2163 deniquo
810 2083 841 2144 iu
864 2089 968 2162 quarta
991 2083 1081 2144 simul
1103 2092 1134 2144 ct
1156 2081 1194 2143 81
1220 2091 1249 2142 et
1272 2081 1312 2141 90

169 2182 341 2263 paenultimi
356 2181 536 2262 legebantur,
560 2181 655 2242 ultimi
671 2191 771 2244 autem
786 2182 845 2244 duo
861 2181 950 2243 simul
965 2180 1090 2243 abscissi
1113 2191 1193 2243 sunt.
1232 2181 1312 2252 Quae

170 2282 227 2343 nisi
250 2281 375 2343 celerior
391 2279 541 2341 conclusio
557 2279 672 2342 dicetur
693 2280 804 2357 (hiatus
819 2281 947 2342 duorum
962 2297 1104 2342 versuum
1125 2287 1194 2359 post
1210 2298 1234 2340 v.
1254 2279 1313 2339 127

169 2381 223 2441 hac
245 2378 288 2440 via
312 2395 371 2438 non
394 2379 564 2459 explicatur,
585 2380 635 2440 scd
659 2379 757 2458 potius
781 2379 902 2442 ultimus
918 2379 1056 2441 carminis
1074 2398 1176 2441 versus
1192 2379 1313 2440 ultimae

169 2479 298 2560 pagellae
323 2477 443 2538 ultimus
458 2477 551 2538 fuisse
567 2477 709 2539 dicendus
726 2478 804 2558 erit),
828 2478 905 2539 nacti
928 2479 989 2540 iam
1013 2496 1118 2541 sumus
1141 2487 1208 2557 post
1229 2498 1255 2538 v.
1272 2478 1313 2539 86

169 2577 357 2640 intervallum
380 2576 450 2638 satis
467 2593 683 2657 magnamquc
707 2596 781 2657 quae
804 2577 1012 2639 desiderantur
1035 2587 1197 2640 memorata
1220 2577 1313 2639 fuisse

170 2677 333 2738 credamus.
377 2674 576 2755 lucipiehatur
598 2674 661 2736 lere
682 2673 739 2736 sic:

269 2793 368 2854 Pisces
393 2791 532 2854 observes
556 2792 626 2873 quid
650 2802 750 2856 ament
772 2813 805 2855 ac
827 2795 904 2856 dona
927 2794 1077 2871 locorum3

170 2918 278 2980 deinde
300 2918 400 2979 statim
422 2918 598 2980 addebatur:

271 3045 347 3104 Num
371 3061 458 3104 mons
482 3043 638 3106 horrentes
662 3045 800 3107 demittat
822 3046 927 3107 celsior
950 3044 1070 3106 umbras

269 3140 304 3203 ln
327 3160 409 3203 mare
432 3145 513 3216 (nam
536 3143 614 3204 varie
636 3144 781 3222 quaedam
803 3143 982 3222 fugiuntque
1004 3145 1200 3224 petuntque);

170 3267 235 3327 talis
269 3265 351 3327 enim
384 3266 570 3346 parenthesis
604 3267 641 3328 de
673 3286 731 3346 qna
765 3267 893 3328 diximus
916 3286 944 3347 p.
962 3267 1002 3329 28
1025 3269 1092 3330 addi
1114 3287 1176 3329 non
1199 3276 1314 3348 poterat

170 3365 226 3426 nisi
249 3366 278 3426 in
300 3367 436 3444 exemplo
459 3365 600 3444 primore,
622 3365 751 3444 indeque
774 3366 864 3428 ctiam
885 3367 1020 3428 ordinem
1043 3368 1150 3428 horum
1173 3386 1313 3428 versuum

169 3473 358 3543 praepostere
381 3465 519 3526 traditum
542 3483 606 3526 esse
629 3465 823 3543 intellegitur3
845 3474 910 3527 tum
933 3467 1134 3545 sequebantur
1148 3466 1314 3547 partitionis

171 3564 304 3626 membra
327 3564 426 3625 nescio
449 3583 508 3643 quo
530 3564 634 3625 ordine
655 3565 719 3625 fere
741 3571 883 3645 quattuor
904 3564 1025 3644 reliqua.

257 3661 359 3739 ltaque
383 3660 509 3740 Oppiani
535 3662 606 3722 licet
632 3663 746 3724 auxerit
772 3682 836 3724 rem
859 3671 960 3725 tamen
982 3664 1139 3726 consilium
1162 3674 1191 3724 ct
1214 3663 1314 3743 dispo·

169 3760 237 3820 sitio
271 3760 335 3838 ipsa
368 3759 472 3820 similis
506 3759 533 3820 ei
564 3761 620 3822 fuit
647 3780 736 3840 quam
760 3761 922 3825 Ouidianus
945 3772 1034 3841 poeta
1056 3762 1226 3841 assumpsit.
1271 3763 1314 3822 Ne

171 3858 308 3921 umbram
336 3858 455 3937 quidem
483 3867 615 3920 amantes
643 3860 736 3938 ignoti
760 3860 896 3941 Oppiano
914 3869 990 3923 'sunt
1012 3865 1191 3940 quamquam
1215 3861 1314 3922 minus

170 3963 330 4019 occurrunt
352 3953 468 4035 inipso
491 3957 658 4038 χωρισμῷ.
702 3957 777 4018 Nam
800 3959 889 4020 1605
912 3959 992 4020 inter
1013 3979 1046 4020 ea
1069 3978 1145 4038 quac
1167 3960 1198 4020 in
1218 3959 1314 4020 Ponto

171 4056 296 4118 maxime
318 4055 451 4134 placeant
473 4055 582 4116 adsunt
613 4057 702 4117 ctiam
726 4052 825 4137 ἄκραι
852 4059 999 4138 σκιεραίς
1027 4058 1094 4119 ideo
1117 4058 1313 4136 hippurorum

170 4156 308 4216 dicuntur
330 4150 419 4235 pota
445 4150 607 4234 φιλόσκια
628 4155 665 4215 Ν
680 4155 760 4228 422;
782 4164 872 4234 atque
894 4155 930 4216 de
952 4155 1091 4235 pompilis
1106 4156 1142 4216 lV
1158 4154 1235 4216 438:
1258 4153 1314 4216 καὶ

171 4253 232 4333 γὰρ
257 4261 328 4324 τοῖς
355 4253 430 4314 ἴσον
455 4246 532 4334 ἦτορ
548 4250 606 4314 ἐπὶ
623 4262 787 4334 euronotus
803 4249 967 4329 πόθοισις
997 4255 1075 4316 unde
1091 4255 1126 4315 ad
1142 4274 1168 4315 v.
1184 4253 1224 4316 88
1241 4273 1320 4316 con-v

170 4351 281 4412 iectura
304 4351 383 4412 llicsi
405 4350 518 4413 frustra
541 4370 608 4413 esse
631 4352 747 4414 dicetur
775 4353 862 4414 haec:
892 4352 970 4415 Num
991 4372 1073 4414 moos
1098 4363 1237 4415 torrentes
1263 4356 1313 4416 de-

172 4453 263 4512 mittat
282 4450 382 4512 celsior
407 4453 500 4513 undas
526 4451 610 4514 cuius
640 4471 678 4514 no
699 4470 824 4516 sensum
846 4452 968 4532 quidem
990 4457 1191 4534 opportunum
1216 4454 1313 4529 vide03
