2962 5010
629 299 851 362 ...13-

165 478 274 557 ltaque
288 473 428 538 Heinsius
451 474 513 554 ipse
534 490 636 535 verum
660 475 754 537 sensit
775 494 843 537 curn
866 474 1009 536 scriberet
1024 476 1059 536 ad
1076 476 1172 537 locum
1194 476 1314 550 „neseio

166 594 206 637 au
241 574 312 636 satis
334 573 452 635 latine“.
496 573 609 634 Tamen
637 581 809 654 corruptum
840 591 902 635 non
929 592 994 635 esse
1026 574 1122 635 locum
1156 576 1314 636 concludas

168 673 212 735 sis
234 673 277 735 vel
301 691 337 733 ex
357 671 556 733 infelicissima
579 671 810 751 ingeniosissimi
833 672 888 732 viri
917 672 1093 734 mutatione:
1123 673 1198 734 dedit
1220 691 1313 745 ormo,

167 772 232 853 sere
265 788 360 832 omnes
389 769 595 850 admonuitque
624 774 678 831 sui.
727 769 830 849 Neque
864 771 943 831 enim
976 770 1007 833 in
1033 788 1065 832 re
1099 771 1156 832 ulla
1193 771 1313 832 offensa.

169 872 249 933 Sunt
270 887 343 931 sane
377 887 480 930 omnes
513 868 621 948 quibus
654 886 736 929 arma
769 868 891 941 dentur,
925 868 1023 930 alteris
1057 869 1160 930 dentes
1194 886 1314 941 cornua,

170 966 271 1029 altoris
293 965 360 1044 fuga
382 965 423 1045 (r.
446 966 465 1025 4
489 975 519 1027 et
541 965 572 1040 6)
596 965 642 1026 vel
662 966 784 1042 astutia3
816 973 846 1027 et
868 965 986 1044 quidem
1009 967 1088 1028 idem
1123 984 1315 1047 expressurus

172 1072 260 1145 poeta
295 1073 360 1125 erat
392 1064 423 1124 iu
455 1082 481 1124 r.
505 1064 546 1124 52
569 1072 718 1143 corrupto,
740 1064 790 1125 ubi
819 1072 978 1145 postquam
1011 1065 1114 1127 timida
1148 1065 1315 1144 ferociaque

172 1163 307 1224 distinxit
328 1162 466 1223 animalia
491 1168 577 1242 (quae
599 1161 749 1224 distinctio
772 1162 802 1223 in
831 1164 1025 1242 sequentibus
1053 1168 1177 1244 ‘quoque
1212 1163 1316 1224 obser-

171 1268 270 1321 vatur:
293 1261 383 1322 altera
405 1278 473 1339 pars
495 1279 539 1320 vv.
564 1259 689 1321 53-62
713 1259 841 1332 obtinet,
875 1262 965 1324 altera
989 1281 1032 1323 vv.
1057 1261 1211 1338 63-74),
1245 1262 1317 1322 haee

171 1358 320 1420 sententia
342 1357 520 1420 inmittitur:

272 1494 340 1575 lpsa
361 1494 571 1574 sequi‘natura
594 1503 695 1557 monet
717 1498 761 1557 vel
784 1497 951 1559 comminus
973 1498 1026 1559 ire.

172 1629 236 1708 Nisi
264 1646 401 1708 sollemni
433 1645 557 1708 stultitia
589 1647 756 1709 stultiorem
789 1649 837 1711 hio
870 1650 1045 1728 scriptorem
1078 1648 1171 1710 fuisse
1204 1649 1316 1722 credas,

171 1745 272 1822 legere
295 1765 311 1806 e
334 1744 480 1806 contrario
496 1743 690 1806 debebamus:
706 1745 769 1825 ipsa
785 1747 924 1825 aufugere
938 1754 1043 1807 natura
1059 1756 1170 1807 monet.
1214 1747 1317 1825 ltaque

172 1845 255 1922 quoti
284 1859 339 1922 pro
371 1846 454 1922 sequi
484 1852 665 1921 posuerunt3
699 1843 778 1922 quod
807 1844 840 1904 in
860 1843 964 1905 Ouidio
987 1862 1040 1922 ego
1063 1861 1124 1905 non
1147 1843 1317 1917 tolerarem3

172 1940 227 2000 sed
251 1940 339 2001 etiam
374 1959 455 2002 nunc
490 1957 552 2001 non
586 1941 679 2001 tolero
701 1974 743 1984 -
765 1942 846 2021 quati
879 1941 1011 2002 iubeat
1043 1941 1169 2002 fortasse
1201 1948 1316 2014 natura,

173 2037 257 2118 quati
289 2056 445 2100 monere
475 2056 536 2100 non
558 2044 667 2118 potest.
713 2038 861 2111 Quoniam
884 2057 952 2101 vero
975 2040 1000 2101 si
1022 2059 1078 2101 vox
1109 2043 1172 2119 ipso
1204 2040 1318 2101 deesset

174 2136 249 2197 nihil
271 2137 402 2211 deesset,
432 2144 460 2197 et
481 2137 557 2198 hano
578 2137 677 2217 potius
701 2136 802 2198 falsam
826 2156 890 2199 esse
912 2139 1039 2200 arbitror
1061 2145 1091 2200 et
1113 2139 1234 2199 subesse
1258 2158 1316 2218 quo

173 2234 324 2314 aptissime
345 2233 515 2312 aufugiendi
537 2235 620 2295 notio
642 2235 823 2315 exprimatur
845 2246 905 2298 tuto
927 2241 1007 2317 sequi
1025 2237 1071 2298 vel
1092 2236 1192 2316 potius
1208 2236 1317 2316 aliquid

175 2331 339 2394 consimile.
384 2331 488 2411 Neque
510 2333 589 2394 enim
611 2333 676 2394 sine
699 2335 795 2415 specie
818 2334 987 2396 conaberis:

275 2458 391 2537 Septa
413 2459 519 2538 sequi
541 2467 645 2520 natura
668 2468 772 2522 monet
793 2461 838 2521 rel
860 2461 1028 2522 comminus
1050 2460 1102 2534 ire,

176 2601 266 2663 modo
289 2619 326 2662 ne
348 2607 446 2681 saepta
469 2602 531 2664 loca
555 2620 608 2682 pro
632 2603 753 2664 stabulis
776 2604 906 2684 accipere
928 2602 999 2663 velis
1032 2601 1085 2662 sed
1118 2618 1171 2680 pro
1204 2599 1318 2678 refugio

177 2699 293 2779 quovis,
315 2707 421 2761 natura
443 2701 523 2779 quod
545 2700 627 2762 aditu
651 2709 756 2762 eareat.

260 2817 321 2878 lam
362 2815 431 2876 dore
462 2833 515 2894 per
548 2833 642 2878 omnes
674 2835 735 2878 non
758 2817 851 2895 magis
873 2816 1009 2895 puditum
1032 2834 1119 2895 quam
1145 2813 1319 2893 impotentis

178 2922 249 2977 esto.
295 2914 382 2975 Peius
405 2914 494 2975 etiam
517 2915 655 2994 pergitur.
699 2915 774 2975 Nam
803 2916 830 2975 si
862 2914 927 2993 quis
961 2932 1049 2993 quem
1082 2913 1128 2973 sui
1162 2912 1320 2989 neglegen-

180 3013 287 3075 tiorem
309 3012 368 3073 sui
390 3011 545 3083 admonet,
574 3012 630 3072 hoc
652 3012 771 3091 quidem
793 3029 881 3073 nemo
904 3031 965 3072 nou
986 3012 1149 3090 intelleget.
1192 3011 1229 3070 At
1251 3028 1320 3071 vero

178 3110 232 3171 ubi
252 3110 382 3170 mundus
405 3127 486 3169 arma
507 3127 562 3188 per
584 3128 687 3172 omnes
710 3110 761 3170 dat
782 3117 812 3170 ot
832 3111 878 3170 sui
904 3110 1060 3182 admonet,
1092 3126 1190 3169 severe
1223 3107 1321 3185 agenti

179 3209 208 3270 id
231 3207 271 3269 ita
294 3207 423 3285 intellegi
445 3214 596 3288 oporteret
617 3208 680 3286 ipsa
711 3225 790 3268 arma
823 3208 972 3269 admonita
1007 3226 1072 3268 esse
1105 3214 1157 3267 aut
1181 3205 1236 3281 *sui
1270 3211 1321 3266 aut

180 3306 300 3380 mundi3
333 3306 433 3367 statim
461 3307 644 3385 praeferetur
671 3304 801 3367 absolute
829 3305 940 3367 dietum
962 3313 1082 3384 putare:
1117 3303 1248 3365 mundus
1275 3302 1321 3363 sui

180 3403 334 3466 admonuit
355 3439 397 3446 —
419 3404 573 3466 cuiusnam
595 3401 707 3482 igitur?
731 3404 844 3465 mundi.
889 3403 1024 3483 Denique
1044 3401 1182 3464 violentia
1204 3418 1321 3462 summa

181 3509 361 3580 agnoscetur
389 3519 446 3581 qua
476 3503 648 3564 reflexivum
681 3520 850 3582 pronomen
879 3501 1017 3565 iubemur
1044 3517 1107 3563 non
1135 3500 1171 3561 ad
1200 3499 1319 3561 subiec-

182 3605 246 3661 tum
278 3600 330 3661 sed
363 3600 399 3660 ad
432 3599 581 3662 obiectum
615 3602 782 3664 sententiae
815 3602 944 3675 trahere,
985 3618 1078 3680 quum
1118 3607 1219 3660 tamen
1259 3615 1321 3660 non

181 3697 260 3759 adsit
282 3697 438 3758 obiectum.
481 3699 579 3760 Etiam
606 3699 662 3760 hac
692 3699 783 3778 igitur
815 3700 948 3761 videlicet
980 3698 1083 3760 eadem
1117 3696 1322 3757 observatione

181 3802 335 3875 permotus
357 3795 495 3856 Heinsius
525 3797 677 3876 desperata
702 3797 750 3859 illa
771 3798 951 3878 periclitatus
974 3797 1140 3858 coniectura
1163 3803 1217 3856 est.
1262 3793 1322 3854 Nos

182 3894 227 3954 vel
250 3893 393 3955 incuriam
421 3893 465 3953 vel
487 3893 615 3973 inopiam
645 3896 796 3976 scriptoris
818 3896 983 3976 perspicere
1002 3894 1162 3974 ecepimus.
1207 3893 1322 3954 Sonum

184 3990 311 4052 fortasse
333 3991 466 4071 captabat
480 3990 693 4054 Ouidianorum
716 4001 848 4057 locorum
871 4012 907 4056 ex
922 3994 1018 4056 Ponto
1033 3993 1072 4054 lll
1088 3992 1117 4066 5,
1141 3988 1189 4051 38.
1235 3990 1323 4051 Trist.

183 4090 208 4150 V
229 4089 258 4163 3,
282 4090 367 4149 51.1
391 4090 420 4163 7,
444 4089 493 4150 26.
769 4095 772 4102 '

270 4203 412 4283 Sequitur
433 4205 464 4267 in
483 4225 510 4266 v.
528 4206 562 4267 2:
590 4205 698 4267 uitulus
719 4209 759 4266 sic
776 4223 899 4285 nomque
919 4209 1057 4266 minatur.
1108 4202 1211 4281 Neque
1242 4201 1322 4263 enim

184 4300 263 4361 aliud
303 4300 463 4380 quidquam
503 4322 540 4365 ex
573 4304 701 4365 lectione
736 4302 974 4364 Vindobonensis
1012 4301 1079 4362 libri
1116 4300 1322 4362 extricabitur:

185 4398 225 4456 aie
256 4416 378 4478 monum
414 4401 558 4474 minutor,
594 4420 661 4463 curn
698 4401 848 4464 Parisinus
885 4399 1004 4463 habeat:
1041 4416 1093 4479 que
1129 4416 1219 4460 manu
1255 4418 1322 4480 que·
