2962 5010
615 285 858 349 -tnl-

164 482 280 541 genera,
308 481 403 524 unum
429 463 585 542 pelagium,
613 461 725 543 reliqua
753 480 823 523 vero
850 461 908 523 duo
934 461 1096 523 habitantia
1117 461 1189 523 locis
1204 461 1304 540 polius

163 562 291 623 limosis:
319 562 426 622 horum
454 569 553 623 autem
580 562 707 623 duorum
734 561 858 623 alterum
881 580 946 622 esse
960 556 1099 637 γαλεούς
1115 559 1160 620 vel
1175 560 1305 639 squalos,

164 660 200 721 ad
225 660 346 741 squalos
371 658 520 740 pertinere
544 659 723 741 squatinam.
755 661 819 734 Qua
833 659 1017 740 expositione
1033 658 1219 740 aliquatenus
1234 676 1305 739 pro-

164 758 251 820 batur
271 757 391 838 quidem
418 759 572 839 squatinae
598 759 630 820 in
645 778 671 820 v.
691 758 750 820 123
766 759 925 831 restitutio,
951 757 1137 838 improbatur
1164 757 1195 818 in
1221 777 1247 817 v.
1264 755 1305 817 94

164 856 253 917 lectio
269 857 395 918 Ulitiaoa
411 858 507 939 squali
518 877 572 937 pro
589 859 719 939 eoquod
736 868 783 919 est
797 859 903 938 quoles.

251 954 311 1015 lam
335 974 403 1017 vero
430 957 559 1037 phycis
585 958 719 1038 quamvis
741 957 870 1019 saxatilis
891 964 990 1017 lamen
1006 955 1087 1031 algae
1106 974 1139 1015 se
1165 953 1307 1016 inservire

164 1054 228 1132 ipso
245 1053 366 1115 nomine
377 1055 486 1134 prodit,
501 1055 702 1135 singularique
714 1074 772 1136 quo
785 1055 925 1117 utebatur
939 1054 1077 1115 nidorum
1093 1054 1306 1115 struendorum

164 1152 287 1214 artificio
313 1151 382 1215 inde
407 1152 445 1216 ab
460 1153 618 1217 Aristotele
644 1162 705 1218 tam
732 1155 854 1233 insignis
880 1173 945 1217 esse
970 1151 1110 1233 pergebat
1136 1160 1169 1213 ut
1195 1170 1306 1213 nomen

166 1251 263 1330 ipsum
279 1251 429 1331 adponere
451 1262 537 1331 poeta
553 1271 576 1313 v.
598 1250 656 1313 122
682 1253 768 1332 plane
793 1253 999 1333 supersederet
1021 1252 1070 1327 (cl.
1087 1249 1196 1330 Haupli
1212 1249 1305 1329 praef.

165 1369 193 1429 p.
211 1348 299 1428 XXI).
343 1349 416 1412 ilem
446 1351 609 1413 asellum
641 1351 705 1427 (Or.
724 1352 797 1432 134)
827 1352 961 1414 limosam
993 1349 1120 1412 maxime
1149 1348 1307 1411 stationem

164 1465 263 1509 amare
278 1447 429 1527 Oppianus
445 1451 592 1513 consentit
609 1450 670 1514 fere
685 1450 696 1510 l
709 1471 734 1514 v.
750 1451 820 1512 101.
851 1449 1020 1531 squilla-vel
1036 1449 1136 1510 caris
1153 1447 1219 1526 (Ov.
1233 1446 1307 1526 132)

165 1546 242 1625 apud
258 1546 426 1626 Oppianum
453 1548 545 1627 magis
571 1567 641 1611 saxa
665 1547 872 1611 ineolitlnon
888 1549 997 1629 quippe
1024 1547 1060 1609 ad
1084 1554 1198 1609 astacos
1224 1545 1307 1607 locu-

165 1652 285 1724 stasque
311 1644 464 1723 pertinens
481 1645 605 1726 (1281),
632 1665 721 1726 porro
747 1646 955 1725 lolliginem
980 1646 1044 1720 (Ol.
1063 1643 1135 1725 131)
1162 1644 1306 1723 pelagiam

165 1741 339 1804 Aristoteles
366 1743 484 1823 scripsit
505 1744 598 1806 524Α
613 1743 662 1807 32.
694 1744 783 1807 Sues
799 1744 865 1823 (Ov.
884 1743 956 1819 132)
976 1762 1081 1805 arenas
1095 1761 1196 1805 amare
1211 1741 1307 1804 nesci-

166 1859 231 1901 mus
247 1840 306 1900 nisi
322 1841 433 1918 quoda
449 1842 599 1904 nonnullis
615 1843 713 1905 vocari
733 1861 819 1905 suem
837 1851 1006 1926 ψαμμῖτιν
1030 1836 1168 1924 ὀρυκτήν
1192 1839 1306 1918 egregie

164 1940 368 1999 orchestratus
383 1939 561 2019 suppedidat
586 1941 664 2020 apud
679 1941 785 2003 Athen.
803 1940 902 2004 326st
932 1940 1066 2021 lienique
1080 1939 1226 2019 gobium
1242 1937 1307 2018 (Ov.

172 2035 241 2111 130)
258 2045 311 2097 aut
330 2055 400 2098 saxa
420 2056 585 2118 arenasque
604 2057 704 2101 amare
725 2047 776 2101 aut
791 2040 883 2103 solam
900 2058 1019 2102 arenam
1035 2057 1102 2101 cum
1119 2037 1228 2101 scribat
1244 2037 1309 2117 Op-

167 2134 299 2212 pianusl
318 2136 387 2207 176,
404 2135 516 2208 11458,
539 2138 705 2201 accuratius
725 2138 881 2202 scholiasta
899 2138 935 2199 ad
951 2137 1089 2201 Nicandri
1104 2136 1184 2198 Alex.
1199 2155 1226 2195 r.
1244 2134 1305 2196 390

165 2232 268 2309 gobios
296 2234 419 2296 aduolat
451 2252 520 2296 esse
554 2237 632 2297 iuter
661 2237 797 2316 aquatilia
826 2256 901 2317 quae
930 2236 1007 2318 apud
1036 2235 1215 2298 Nicandrum
1247 2255 1308 2295 τιε-

165 2327 315 2412 τρήεντος
345 2324 411 2395 ἀπὸ
442 2328 603 2415 pexuram
637 2332 815 2418 θαλάσσης
850 2332 1002 2400 κνώδαλα
1039 2326 1218 2418 φυκίοντας
1253 2324 1308 2394 ἀεὶ

166 2424 400 2510 τττριβόσκεται
417 2425 550 2513 ἀγρούς.
580 2432 656 2506 Ouid
685 2452 753 2495 vero
772 2443 859 2514 poeta
875 2431 999 2497 noster?
1023 2452 1087 2496 non
1102 2439 1307 2512 portentosum

165 2519 343 2601 κνώδαλον,
369 2528 420 2590 sed
438 2530 584 2610 placidum
599 2531 707 2595 animal
721 2532 777 2594 sili
791 2533 885 2604 linxit,
910 2531 962 2613 qui
977 2532 1013 2595 de
1028 2532 1155 2612 gobione
1172 2531 1259 2592 haec:
1283 2539 1309 2591 el

163 2627 248 2703 spino
262 2643 370 2688 nocuus
380 2646 438 2690 ιιοιι
450 2629 549 2709 goldes
561 2627 639 2693 ullo!
655 2630 727 2692 lllire
742 2651 760 2692 o
775 2630 853 2693 bone
867 2630 1008 2711 loqueris,
1026 2640 1059 2693 ut
1074 2629 1234 2692 memoriae
1245 2638 1308 2690 lra-

165 2723 215 2784 das
228 2743 303 2804 quae
318 2741 391 2787 non
402 2726 509 2789 habeat
518 2729 642 2792 animal:
655 2729 763 2793 addere
774 2740 893 2810 poteras
904 2747 1001 2809 neque
1012 2729 1105 2809 gladio
1118 2746 1186 2790 eum
1200 2743 1308 2788 nocere

139 2907 144 2916 ξ
165 2827 198 2882 ul
208 2821 328 2901 xiphian
340 2840 437 2904 neque
449 2844 550 2889 morsu
560 2836 630 2907 puta
642 2846 742 2909 neque
753 2828 813 2890 oris
827 2843 940 2889 veneno
951 2846 1047 2907 neque
1059 2827 1147 2889 rebus
1159 2825 1309 2905 pluribus:

166 2929 280 2998 poteras
307 2922 392 3000 spina
417 2925 507 2986 etiam
532 2926 604 2987 alios
630 2927 725 3006 pisces
741 2927 884 3006 plurimos
900 2944 999 2989 carere
1014 2926 1120 2987 dicere.
1151 2923 1207 2985 Sed
1224 2923 1309 2984 aliter

165 3020 273 3082 sodalis
302 3030 373 3084 tuus
402 3040 525 3102 graecus
549 3022 600 3103 qui
627 3023 652 3085 ll
667 3024 778 3104 458sq.
810 3043 912 3087 morsu
943 3024 1063 3105 quidem
1095 3021 1137 3084 uti
1168 3022 1308 3103 polypum

165 3119 349 3200 sepiamque,
374 3119 483 3183 aculeis
500 3140 570 3183 vero
585 3129 616 3183 et
629 3122 789 3200 gobionem
812 3131 843 3183 et
862 3123 1050 3202 scorpionem
1073 3120 1243 3200 eisdemque
1262 3119 1308 3179 hi-

165 3217 308 3280 rundines
343 3219 488 3282 dracones
514 3237 660 3300 canesque
690 3221 791 3294 docet,
821 3237 924 3282 omnes
955 3239 1006 3282 eos
1028 3229 1069 3282 ut
1098 3207 1308 3301 punctionibus

164 3315 301 3379 letalibus
330 3335 479 3380 venenum
511 3318 642 3380 miltant:
672 3314 794 3392 πάντες
824 3312 1019 3402 ἀταρτηροῖς
1048 3311 1115 3380 ὑπὸ
1146 3311 1310 3398 νύγμασιν

168 3411 219 3476 ι’ὁν
249 3411 367 3491 ἱέντεςς
401 3424 492 3498 atque
520 3417 676 3480 scholiasta
706 3417 878 3498 scorpiones
911 3417 1115 3497 gobionesque
1145 3416 1180 3478 ad
1210 3414 1309 3476 locum

165 3513 267 3575 scribit
292 3516 413 3576 eosdem
439 3534 504 3578 esse
529 3534 605 3596 quos
624 3517 810 3599 κεντρῖνονς
828 3516 860 3576 in
875 3515 939 3578 luto
953 3517 1059 3595 degere
1076 3515 1229 3595 Oppianus
1245 3532 1310 3574 me-

167 3612 452 3676 moraverat1378.
493 3614 596 3676 Paullo
622 3615 707 3676 aliter
723 3614 859 3677 helianus
886 3613 985 3677 1150:
1013 3609 1231 3685 ὑπονύξαντες
1258 3608 1310 3673 tle

166 3703 311 3790 ἀφιᾶσιν
337 3705 467 3788 ἰχθύων
492 3711 613 3792 κωβιὸς
628 3711 684 3773 καὶ
700 3709 832 3792 δράκων
847 3706 903 3774 καὶ
917 3708 1069 3791 χελιδών,
1098 3706 1143 3775 οὗ
1169 3709 1247 3794 μην
1272 3706 1311 3782 ἐς

167 3804 369 3872 θάνατον·
400 3805 419 3892 η
445 3810 570 3892 τρυγών
595 3808 633 3873 δὲ
659 3806 850 3874 ἀποκτείνει
877 3811 1079 3895 παραχρῆμα
1105 3809 1150 3891 τῷ
1180 3810 1310 3891 κέντρῳ,

166 3907 223 3969 nisi
253 3910 330 3969 lorte
360 3908 439 3969 vocis
468 3926 547 3988 quae
571 3909 648 3988 apud
672 3909 840 3989 Oppianum
871 3918 916 3972 est
944 3904 1139 3993 ἀταρτηροῖς
1168 3905 1309 3988 syllabam

167 4006 294 4084 primam
326 4005 383 4066 vim
414 4007 494 4085 quod
524 4007 571 4068 vix
597 4007 699 4070 credas
727 4007 892 4087 negativam
920 4009 1028 4070 habere
1054 4015 1140 4087 poeta
1168 4006 1309 4066 voluerat.

168 4103 229 4163 lam
255 4104 363 4165 latinus
378 4113 465 4184 poeta
482 4122 537 4183 pro
552 4106 654 4168 aculeo
670 4105 786 4185 spinam
814 4107 925 4186 quippe
952 4107 982 4166 in
1008 4124 1095 4167 versu
1122 4120 1234 4184 ponere
1261 4101 1309 4162 io-

167 4201 311 4264 solentius
337 4221 427 4265 ausus
454 4211 508 4265 est.
550 4203 654 4266 Potest
679 4213 780 4266 tamen
806 4204 934 4266 conferri
959 4205 1037 4285 quod
1065 4204 1101 4264 de
1121 4218 1229 4264 araneo
1250 4200 1311 4261 Pli-

169 4298 236 4361 nius
258 4300 297 4361 lx
320 4302 395 4363 155:
434 4320 520 4382 οιηιιο
544 4305 713 4383 pestlsenlm
743 4302 855 4366 αιιῖιιιιιλ
884 4320 1009 4366 craneus
1037 4305 1135 4383 spinae
1163 4302 1195 4360 ιἰι
1225 4299 1311 4360 dorso

170 4397 267 4460 oculeo
289 4403 408 4475 noceam
433 4400 473 4462 ita
500 4409 534 4463 ut
559 4401 648 4464 etiam
674 4402 840 4482 fragmento
867 4402 908 4465 illi
928 4400 1096 4484 Epicharmi
1118 4398 1194 4480 apud
1220 4397 1309 4460 Athe-
