2962 5010
610 293 849 359 -202a

261 471 389 551 Polypus
411 471 513 532 haeret
536 481 565 533 et
587 471 642 533 hoo
665 473 757 534 eludit
779 473 889 552 proelia
912 474 1028 535 lraude:

260 571 385 632 Pressns
407 571 469 651 lege
492 571 548 632 looi
569 570 659 632 sumit
683 580 837 652 mutatque
860 573 990 634 colorem

262 671 384 749 Semper
406 669 432 730 ei
454 669 559 731 similis
582 689 671 750 quem
695 671 828 751 contigit,
850 678 941 752 atque
965 671 1013 733 uhi
1035 675 1172 752 praedam

203 776 235 826 35
261 767 443 830 Pendentem
467 769 555 831 saetis
578 770 679 832 avidus
702 770 788 851 rapit,
813 770 861 832 hio
882 790 1002 850 quoque
1023 772 1105 845 fallit,

261 867 344 928 Elato
368 867 479 929 calamo
502 886 571 953 oum
592 869 715 951 domurn
736 871 929 953 emersusin
949 888 1034 933 suras

261 965 381 1027 Brachia
405 962 539 1028 dissolvit
553 950 797 1050 ¹populetumque
820 950 921 1050 eripuit
944 971 1074 1032 hamum.

262 1067 299 1126 m
321 1065 411 1144 mugil
433 1066 523 1128 cauda
545 1067 727 1148 pendentem
751 1068 906 1131 everberat
927 1088 1025 1130 eseam

262 1165 483 1245 Excussamque
505 1166 580 1246 legit.
625 1166 728 1246 Lupus
749 1167 810 1229 nori
831 1167 967 1229 consitus
988 1185 1055 1230 uero

205 1272 238 1320 lo
264 1262 404 1325 Discursu
426 1263 522 1326 fertur
535 1265 625 1327 vario
647 1267 815 1347 fluctusque
837 1266 966 1329 ferentes

264 1362 459 1442 Prosequitur
479 1373 660 1445 qnosmtqne
681 1375 779 1446 caput,
801 1367 872 1428 dum
897 1367 1020 1428 vnlnere
1041 1383 1147 1427 suevus

262 1461 369 1522 Laxato
393 1461 477 1524 eadat
498 1462 606 1525 humus
626 1472 657 1525 et
679 1482 729 1526 orn
751 1465 881 1544 potentis
904 1464 1041 1545 linqunt.-¹

262 1559 322 1621 Neo
342 1560 479 1640 proprias
499 1562 577 1623 vires
599 1563 694 1625 nesoit
716 1580 840 1626 murena
864 1563 992 1625 nocendi

262 1658 427 1740 Auxiliique
448 1659 512 1733 sui‚-
528 1678 631 1723 morsu
652 1678 708 1723 neo
730 1661 866 1725 cominus
889 1662 949 1724 sori

188 1765 222 1814 45
266 1757 369 1820 Deficit
388 1767 440 1821 aut
462 1760 577 1822 animos
596 1761 686 1841 ponit
706 1761 818 1842 captiva
841 1761 979 1824 minaeis:
1023 1782 1026 1787 ·
1102 1751 1106 1766 ¹

185 1858 240 1910 tob
263 1858 378 1925 Amplius
397 1876 425 1911 os
443 1858 515 1911 homo
534 1867 613 1911 vorot
629 1860 765 1926 eroditque
780 1861 820 1912 itu
836 1860 924 1911 linum.
993 1876 1006 1890 ,.

263 1943 388 2007 Anthios
408 1943 455 2007 his
477 1949 560 2022 tergo
582 1961 659 2024 quae
682 1963 743 2007 uon
765 1943 847 2007 videt
867 1944 963 2005 utitur
985 1942 1075 2004 armis

263 2043 327 2103 Vim
350 2042 454 2123 spinae
477 2041 617 2122 novitque
639 2062 712 2105 suae
732 2061 878 2124 versoque
902 2041 1026 2122 supinus

263 2142 394 2222 Corpore
415 2141 476 2210 lina
496 2150 579 2203 seont
601 2141 754 2222 fisumque
776 2140 929 2222 interoipit
949 2142 1082 2203 hamum.

347 2241 451 2302 Cetera
474 2259 551 2320 queo
572 2240 681 2305 densos
703 2239 996 2305 habitent-animalia
1019 2237 1106 2302 silves

208 2349 241 2397 50
268 2343 326 2401 Aut
346 2339 414 2400 vani
437 2338 575 2418 quatiunt
596 2356 715 2420 semper
735 2339 884 2420 lymphato
907 2338 1031 2401 timores
1077 2376 1080 2381 -

265 2439 324 2501 dut
346 2438 437 2501 trehit
459 2437 489 2505 in
512 2453 737 2518 praenupsnon
759 2456 831 2501 sons
852 2437 961 2501 feronio
985 2436 1105 2499 meritis.

264 2539 368 2617 Saepto
391 2536 477 2615 sequi
498 2545 604 2599 natura
627 2546 729 2601 monet
753 2538 800 2601 vel
820 2536 987 2601 comminus
1008 2535 1062 2598 iret

262 2638 391 2718 Impiger
414 2654 481 2701 esee
503 2637 550 2699 leo
572 2643 735 2699 venantum
759 2644 895 2697 sternere
915 2635 1011 2714 pergit

262 2736 387 2814 Agmina
410 2743 439 2797 et
461 2734 591 2799 adversis
612 2733 702 2799 infert
724 2739 920 2815 suspectum
942 2732 1009 2795 telis

207 2844 239 2893 55
266 2835 392 2915 Quoque
416 2834 496 2896 venit
517 2833 610 2899 fidens
633 2832 727 2912 magis
748 2839 785 2896 et
800 2831 944 2895 sublatior
963 2831 1049 2897 undet

265 2933 480 3015 Concussitque
502 2941 585 2997 toros
608 2938 639 2997 et
660 2931 773 2995 viribus
796 2931 911 2995 eddidit
930 2933 1016 3004 nam,

264 3033 506 3114 Prooiditstqoe
528 3051 583 3096 suo
606 3039 744 3113 properet
766 3030 824 3095 sibi
843 3031 955 3095 robore
974 3032 1076 3094 letum.

264 3133 378 3194 Foedus
401 3131 528 3199 hunonis
550 3130 733 3212 provolvitur
756 3147 844 3193 ursus
867 3130 904 3194 ab
927 3130 1031 3203 antris,
1118 3166 1121 3177 ι

264 3231 340 3306 Quid
365 3231 422 3292 nisi
446 3231 566 3312 pondus
586 3231 666 3295 iners
688 3229 873 3310 stolidaeque
894 3229 1002 3291 loroein
1025 3224 1157 3291 montisi

207 3339 240 3388 60
266 3332 356 3392 dotus
379 3349 449 3410 oper
471 3330 560 3395 saetis
582 3330 656 3396 nant
679 3328 834 3394 denuntiet
856 3328 954 3393 hirtis:

268 3430 327 3491 Sed
351 3429 410 3490 ruit
433 3429 563 3510 oppositi
584 3429 688 3491 nitens
707 3428 739 3489 in
761 3428 883 3493 vulnera
907 3427 976 3491 ferri

265 3528 389 3589 Pressus
412 3537 442 3589 et
463 3528 571 3595 emisso
594 3526 720 3595 meritur
741 3545 795 3606 per
818 3526 928 3592 viscera
951 3526 1021 3588 telo.

264 3627 362 3688 Altera
385 3645 453 3705 pars
478 3627 571 3695 fidens
592 3625 719 3706 poninus
741 3625 793 3687 dat
813 3631 896 3704 terga
918 3623 1058 3704 sequenti

265 3727 302 3788 Ut
325 3725 421 3805 pavidi
442 3727 570 3807 lepores,
592 3735 627 3789 vt
647 3725 728 3789 lolvo
749 3733 869 3805 tergore
891 3724 1029 3788 dammae

207 3833 239 3881 65
268 3824 304 3886 Et
326 3831 410 3904 copto
432 3825 549 3904 lugiens
565 3843 676 3891 *nervus
696 3824 763 3887 sino
785 3826 844 3887 line
866 3824 981 3887 timore.

265 3922 319 3983 Hie
340 3941 505 4001 generosus
525 3924 623 3991 honos
646 3931 676 3985 et
691 3922 789 4002 -glorie
811 3925 905 3986 maior
921 3941 1084 4004 equorum,

234 4125 286 4186 82.
299 4153 321 4203 p.
336 4138 376 4188 76.
410 4125 553 4200 aspro.
582 4123 635 4187 84.
648 4151 671 4202 p.
684 4134 724 4186 33.
755 4124 808 4188 8⁹.
821 4151 880 4188 nore
892 4150 939 4202 pro
950 4137 991 4186 ἕνα
1009 4133 1172 4186 reddendum
1182 4146 1240 4184 esse
1252 4140 1308 4183 tnn-

166 4218 220 4269 dem
238 4219 297 4269 mihi
316 4234 416 4269 carmen
436 4218 492 4268 dum
511 4217 628 4268 describo
648 4217 759 4280 effulsit3
786 4215 819 4268 ol.
838 4216 916 4269 Ovidi
935 4230 966 4265 ex
985 4214 1066 4265 Ponto
1087 4213 1108 4264 ll
1129 4215 1153 4277 7,
1175 4215 1220 4277 103
1247 4215 1309 4265 vide

160 4318 190 4367 p.
210 4301 256 4363 703
275 4299 381 4354 trusus
401 4301 481 4354 verbs
505 4297 602 4366 loei'p.
623 4301 647 4353 6.
700 4291 753 4351 4⁰·
775 4315 799 4365 p.
814 4299 859 4351 38.
913 4290 966 4350 41.
988 4314 1011 4363 p.
1024 4298 1072 4358 703
1098 4311 1130 4347 un
1155 4296 1224 4349 sorte
1245 4298 1308 4349 Por-

165 4386 298 4448 soqm'tor?
331 4374 405 4436 lou.
426 4373 594 4449 milfffi·
618 4383 694 4448 pso.
731 4375 940 4447 duplus&
975 4372 1069 4445 52··p.
1085 4380 1122 4431 13.
1159 4370 1308 4447 wop-19.

162 4455 218 4521 fil·
236 4463 323 4519 Seruii
340 4464 418 4528 libri3
442 4465 572 4529 volco&
590 4464 653 4517 mil.
704 4454 758 4517 65.
776 4462 859 4529 ntur
908 4453 960 4515 dd.
979 4461 1060 4528 pat.
