2962 5010
582 310 803 375 ...75-

120 503 189 548 nam
220 484 376 556 εἶςωθετυ
400 483 522 546 verbum
545 494 579 546 ut
597 493 642 547 est
663 486 846 549 rarissimum
868 483 908 547 ita
928 484 974 546 rei
1000 484 1088 547 unice
1109 484 1261 560 convenit3

120 585 266 646 absonum
297 589 398 644 centra
427 578 566 653 έξέωσιν
588 590 659 645 anta
686 584 881 665 προςέχοται
911 583 1041 662 positum
1070 581 1156 644 foret.
1200 582 1261 644 Sed

120 683 203 762 plura
219 687 459 761 consequuntur:
481 680 571 743 ctiam
592 676 708 743 τόπτοι
724 682 801 762 apud
815 683 1007 745 Plutarchum
1023 681 1262 743 incommedum:

120 780 263 860 scriptum
278 779 387 841 fuerat:
415 776 471 839 καὶ
484 775 604 841 κόπτει
619 778 799 843 κοιλαίνων
811 770 992 863 τοόδαφοςε
1018 781 1261 844 menusanum.

120 878 198 950 Quid
219 895 288 940 uero
310 877 347 939 de
365 874 631 939 antecedentibus?
658 879 693 940 ad
720 879 902 961 συρομένην
925 878 1042 941 trahere
1066 877 1126 960 τὴν
1151 873 1262 941 πανό-

120 996 202 1058 γραν
222 975 350 1039 Hercule
369 975 477 1054 dignus
496 974 595 1049 labor,
621 984 709 1056 atque
735 977 823 1040 etiam
843 974 992 1058 διλοτησι
1013 977 1085 1040 illud
1107 995 1176 1039 cum
1195 994 1262 1038 rem
1365 1032 1369 1037 .

120 1075 146 1137 si
171 1083 288 1154 spectas
312 1106 354 1119 -ν
378 1073 535 1151 quomedo
558 1073 639 1138 enim
664 1074 755 1154 piscis
780 1083 873 1139 tutam
900 1092 1018 1138 naseam
1044 1076 1144 1154 potius
1170 1094 1261 1155 quam

120 1191 210 1234 unam
231 1172 376 1234 maculam
403 1189 506 1232 nassae
532 1170 717 1234 dimovebit?
732 1208 774 1218 —
793 1181 858 1236 tum
878 1191 948 1235 vern
976 1173 1063 1237 verba
1085 1173 1168 1237 latini
1190 1191 1261 1253 pne-

120 1271 215 1342 matis‚
242 1270 417 1339 adamnan,
442 1287 505 1333 nan
531 1269 567 1330 ad
593 1279 654 1332 rete
677 1273 803 1340 attinere
829 1272 955 1352 putabis.
995 1272 1129 1352 Denique
1151 1271 1261 1333 mentio

120 1370 165 1430 vel
190 1368 299 1430 caudae
325 1367 512 1430 desideratur
537 1366 583 1429 vel
608 1365 779 1447 pinnarum.
816 1370 982 1434 Ostendere
1003 1390 1051 1431 me
1071 1389 1174 1432 verum
1201 1388 1262 1431 non
1315 1445 1317 1453 Ι

119 1467 267 1546 spende03
301 1466 346 1526 via
375 1466 492 1527 confido
521 1466 666 1528 utendum
695 1466 747 1528 tali
777 1466 855 1530 esse:
887 1469 1171 1552 πτερυσσομένην
1200 1465 1262 1547 γὰρ

120 1559 241 1636 όλοὺς
267 1560 332 1645 την
359 1559 490 1645 ἄμμον
513 1565 573 1643 βίᾳ
592 1561 753 1646 όιλστησι,
775 1566 935 1646 inquibus
956 1563 1056 1639 ἁλοὺς
1077 1567 1156 1627 idem
1172 1572 1262 1645 atque

119 1664 234 1729 clausus
258 1671 326 1725 rete.
371 1661 430 1727 Sed
457 1660 584 1724 salubre.
599 1661 688 1725 etiam
713 1663 745 1727 in
771 1671 859 1743 poeta
883 1666 975 1727 latino
1001 1664 1193 1744 impedimur:
1223 1681 1262 1725 an

120 1761 201 1825 enim
227 1761 325 1825 saltu
352 1759 441 1839 piscis
462 1776 563 1821 cavera
588 1759 672 1825 dolas
694 1759 832 1824 deludit?
849 1763 921 1835 ‘Sed
943 1762 1006 1843 ipse
1025 1761 1100 1826 iacet
1119 1761 1262 1822 immotus

119 1860 184 1921 fere
203 1877 299 1938 neque
321 1857 377 1919 uisi
398 1875 504 1919 nassae
525 1864 607 1919 motu
630 1857 746 1920 emicat.
791 1860 894 1941 Neque
920 1861 1031 1923 Plinius
1057 1859 1134 1921 saltu
1158 1858 1262 1939 legisse

120 1955 258 2021 credetur
286 1955 338 2036 qui
366 1956 408 2017 ita
434 1973 499 2019 rem
528 1955 651 2029 referat:
688 1956 787 2037 lupum
815 1968 874 2021 rete
903 1959 1111 2029 circumdatum
1138 1957 1263 2018 leuraam

120 2073 206 2119 arare
230 2054 323 2115 cunda
345 2063 427 2139 ωηατ
449 2057 490 2115 atu
512 2054 598 2116 cendi
617 2055 685 2116 dum
707 2063 922 2119 transcurrere.
965 2057 1068 2139 ltaque
1087 2055 1160 2117 haec
1185 2055 1262 2117 stul-

120 2154 184 2216 titia
203 2160 310 2235 pnetae
333 2169 397 2225 nan*
413 2151 480 2217 fuit.
523 2150 612 2213 Multa
635 2154 827 2226 correximus,
855 2155 1019 2234 corrigatur
1044 2153 1102 2217 hnc
1128 2171 1260 2235 qunque:

522 2259 575 2322 ubi
594 2270 657 2325 rete
677 2263 789 2326 levatur
809 2265 840 2326 in
860 2283 954 2337 aurae,

222 2359 335 2421 Emicat
360 2340 455 2440 atque¹
476 2342 581 2421 dolos
607 2368 690 2423 astu
716 2344 827 2424 deludit
851 2354 972 2424 inultus.
999 2358 1002 2367 '

122 2474 202 2536 idem
233 2483 332 2536 tamen
350 2474 430 2555 ·quia
454 2469 496 2535 ¹ad
527 2475 638 2536 dimotis
660 2481 755 2539 crenis
779 2477 929 2558 adponere
954 2483 1049 2558 pr'cna's
1078 2477 1262 2557 desperabat,

122 2591 183 2634 nen
210 2573 285 2634 bena
310 2571 434 2634 caudam
466 2588 533 2632 cum
561 2571 663 2652 pinnis
693 2568 904 2638 commutavit:
934 2593 1033 2656 neque
1062 2577 1141 2637 enim
1172 2576 1263 2636 cauda

122 2672 238 2734 efficere
257 2671 346 2751 piscis
365 2677 464 2750 potest
482 2661 613 2753 βόθρον
631 2668 711 2735 ὅσον
730 2669 897 2749 δέξασθαι
914 2670 974 2737 ’ἑόν
987 2671 1099 2756 δέμας.
1130 2673 1189 2735 Sed
1208 2692 1264 2736 cur

122 2786 182 2830 non
204 2768 344 2830 malebat:
368 2767 484 2829 Dimcta
507 2771 608 2850 pinnis
633 2769 745 2833 arena?

160 2903 165 2914 ·
205 2867 248 2928 lle
268 2868 376 2947 polypo
399 2866 562 2930 ovidius-v.
577 2869 617 2930 31
632 2886 711 2950 τηατ

220 2978 258 3039 At
279 2985 381 3040 contra
403 2979 564 3059 scopulis
587 2978 688 3043 crinali
711 2999 835 3062 corpore
857 2981 955 3060 segnis
1023 2984 1026 2993 '

221 3075 376 3155 Polypus
400 3076 523 3139 haeret
545 3086 576 3139 et
600 3079 655 3140 hac
677 3079 769 3141 eludit
790 3080 865 3142 retia
886 3078 1016 3141 fraudes

220 3175 258 3235 Et
279 3174 336 3236 sub
359 3158 436 3254 lege
456 3174 659 3277 lacitsumi't
681 3184 869 3259 mutatque
895 3180 1055 3240 calorem
1087 3188 1092 3193 ·

221 3273 346 3353 Semper
367 3274 399 3335 ei
421 3274 556 3336 similis
583 3292 685 3356 quem
709 3272 874 3355 centigit.

120 3382 194 3445 item
219 3382 370 3465 Oppianus
393 3384 425 3446 in
447 3385 579 3448 secundo
601 3386 677 3449 libre
692 3406 720 3448 v.
737 3384 812 3448 233:

222 3478 464 3579 (πουλύποδες)
486 3501 522 3559 οἳ
535 3498 726 3581 πέτρῃσιν
745 3492 900 3587 ὅμοίίοι
923 3496 1177 3563 λνδόλλονται

220 3591 286 3674 την
308 3616 348 3655 κε
367 3593 662 3672 ποτιπτόξωσι,
688 3594 768 3679 περὶ
788 3598 928 3680 σπείρης
946 3620 981 3659 τε
1000 3596 1182 3679 detersam

121 3703 158 3765 cf.
178 3702 249 3765 ibid.
274 3725 299 3766 v.
316 3706 391 3767 297:

421 3817 452 3880 el
470 3816 532 3904 γάρ
553 3815 609 3881 καὶ
629 3815 825 3904 ἆλευόμενος
844 3819 936 3904 περὶ
962 3823 1104 3905 πέτρην

221 3910 412 3997 πλέξηται
431 3913 572 4000 χροιήν
597 3938 637 3979 τε
662 3917 901 4003 πανολνολον
922 3911 1179 4006 οἷμφιέσηται.

120 4025 157 4087 At
181 4025 357 4088 Plutarchus
384 4047 412 4107 p.
433 4025 495 4088 978
511 4026 535 4088 D
551 4048 630 4109 squ:
660 4026 724 4093 τόν
753 4026 792 4092 δὲ
820 4028 1022 4094 πολυπόδων
1050 4031 1116 4112 τῆς
1145 4027 1262 4111 χρόας

119 4121 187 4204 την
201 4121 370 4206 ἄμειψιν
385 4120 404 4189 ὅ
418 4146 456 4187 το
470 4124 639 4209 Πλνόαρος
721 4126 779 4188 ’καὶ
795 4129 933 4205 Θέογνις
953 4126 1092 4210 ὁμοίως·
1112 4126 1261 4191 πουλό-

120 4218 243 4293 ποδος
258 4213 337 4285 νόον
352 4223 425 4300 ἴσχε
440 4219 627 4306 πολυχρόου
643 4218 678 4297 ὃς
694 4222 787 4286 ποτὶ
802 4226 922 4308 πέτρη
937 4225 982 4314 τῇ
997 4246 1072 4309 πορ
1092 4218 1261 4309 ὁμιλήση

120 4326 228 4390 τοῖος
254 4316 357 4383 rtem
381 4312 520 4406 έφόνη.
571 4321 630 4383 τοῦ
667 4319 705 4384 dd
736 4319 931 4397 πολύποδος
964 4317 1059 4405 ἔργον
1096 4320 1186 4387 ἐστὶν
1223 4311 1262 4387 οὗ

121 4410 236 4486 πάθος
261 4405 282 4497 ἤ
309 4416 488 4502 μιυαβολή·
515 4418 716 4502 μεταβάλλει
741 4419 805 4503 γὰρ
831 4418 867 4482 ἐκ
893 4424 1132 4503 aceretae-cqc
