2962 5010
621 277 866 347 —172-

173 453 331 539 μνάιιιον·
354 451 491 537 ὄστρεον
505 448 709 527 &elaeonem
735 472 803 517 nam
826 447 915 536 μάαξ
928 455 998 516 satis
1014 459 1114 527 notus,
1129 450 1325 517 θαλάσσιον

172 565 272 619 autem
295 555 414 619 additur
439 553 580 635 quoniam
603 554 693 617 etiam
721 554 753 615 in
776 553 911 617 amnibus
927 553 1107 634 lacubusque
1130 561 1247 617 ostreae
1269 555 1323 616 da-

172 663 249 733 gunt
271 654 320 729 (cf.
343 653 450 734 hiphil.
467 672 513 733 ap.
530 652 638 714 Athen.
652 670 681 732 p.
699 650 791 727 92h).
836 653 944 714 Errare
967 669 1028 715 nou
1061 651 1197 717 dissimili
1220 659 1323 726 ortam

173 773 239 816 esse
260 753 444 815 intellectum
468 758 513 813 est
535 751 693 814 lectionem
717 749 848 834 ξιφίας·
874 748 973 829 ἰχθὺς
988 748 1103 824 ποιός·
1125 749 1183 813 καὶ
1200 749 1323 834 Δῆλος,

172 858 353 920 contractam
377 869 442 913 eam
466 871 501 913 ex
524 850 652 913 duabus:
677 848 805 932 ξιφίας·
838 848 935 929 ἰχθὺς
964 847 1065 922 ποιάς
1093 849 1151 913 καὶ
1180 853 1323 933 σκιφίας

172 960 216 1012 et:
245 941 408 1023 σκοθιάς·
438 945 556 1031 Δῆλος.

257 1048 458 1113 strombus.
501 1043 682 1127 στρόμβος·
712 1042 818 1118 δίνας·
848 1041 980 1126 κόχλοςς
1011 1057 1041 1109 et
1074 1047 1133 1109 sub
1154 1043 1320 1125 σάλπιγξ·

171 1146 228 1209 καὶ
252 1146 442 1213 θαλασσίαν
464 1136 654 1222 σάλπιγγα·
685 1141 777 1226 παρὰ
795 1134 975 1228 ’Λρχιλόχφ
1004 1143 1043 1209 dd
1065 1142 1122 1208 τὸν
1144 1141 1322 1228 στρόμβον.

257 1246 372 1308 solon.
417 1240 642 1326 σωλῆνες..
659 1240 751 1304 sal
779 1242 844 1306 τῶν
877 1239 1149 1327 ὀστρακοδέρμων
1170 1267 1203 1307 τι
1223 1245 1323 1321 γένος

171 1342 364 1423 κογχυλίων

257 1442 342 1504 otia
387 1441 471 1504 abest
492 1439 529 1502 ab
546 1439 691 1519 hesychio
714 1440 809 1503 forma
824 1440 896 1503 haec
911 1440 1058 1503 sermonis
1074 1440 1169 1520 graeci
1192 1401 1322 1521 volgaris

171 1541 256 1603 cuius
278 1541 390 1603 similes
411 1540 487 1601 inlra
504 1538 765 1614 memorabuntur3
787 1547 882 1601 exstat
897 1545 995 1601 tamen
1011 1540 1090 1620 apud
1112 1540 1226 1603 illum
1218 1558 1320 1621 ipsum

172 1634 227 1713 οὖς
245 1634 441 1722 Ἀφροδίτης
463 1638 547 1719 quasi
569 1647 733 1699 ostrearum
756 1655 859 1716 genus.

255 1738 365 1799 helix.
410 1736 536 1800 coniciet
569 1736 670 1798 forsan
703 1735 809 1815 aliquis
842 1737 945 1799 adesse
976 1755 1040 1798 eam
1062 1737 1127 1800 loco
1150 1737 1207 1807 boc
1228 1737 1320 1818 plane

171 1837 273 1899 vitiose
290 1837 411 1899 tradito:
436 1834 528 1908 ἕλιξ.
546 1879 575 1897 ..
593 1879 601 1896 .
617 1833 673 1895 καὶ
688 1831 706 1897 ὁ
723 1832 850 1916 καρπὸς
866 1833 921 1897 καὶ
939 1833 1057 1919 ψέλιον
1072 1845 1105 1899 ut
1118 1854 1174 1917 pro
1188 1834 1320 1919 καρπὸς

169 1944 297 2015 promatur
321 1935 365 1998 vel
387 1930 502 2013 κόχλος
525 1934 569 1996 vel
592 1930 722 2012 κόγχος;
751 1933 931 2013 probabilius
958 1942 1038 1997 certe
1066 1936 1217 2015 prolatum
1237 1936 1341 2016 apudx

170 2035 272 2097 doctos
295 2052 355 2096 non
378 2033 454 2107 vidi;
487 2034 538 2094 sed
572 2032 651 2095 enim
686 2032 786 2095 animo
810 2033 880 2095 dum
903 2040 1038 2114 tempero
1060 2034 1123 2097 huc
1140 2033 1241 2114 potius
1264 2035 1317 2097 de·

171 2132 270 2195 venio:
293 2131 349 2193 καὶ
371 2124 408 2194 sd
433 2125 650 2212 καρπόδεσμα
672 2128 728 2191 καὶ
750 2129 878 2214 ψέλιον.

256 2225 432 2312 purpura.
476 2226 632 2311 πορφύρα
654 2248 720 2293 sr.
738 2227 898 2312 μελίνηρα
920 2238 950 2292 et
972 2227 1154 2313 μήλοιθρας
1175 2230 1248 2299 item
1270 2233 1313 2295 la-

169 2330 231 2395 tius
254 2348 328 2410 quae
345 2329 452 2392 dicitur
475 2328 594 2390 murix
616 2324 735 2410 κάλχης
757 2329 821 2390 loco
845 2349 910 2393 esse
925 2328 1100 2393 crediderim
1123 2338 1214 2411 atque
1234 2328 1315 2395 hanc

168 2428 332 2508 Hesychius
354 2428 493 2509 explicat:
517 2422 685 2509 πορφύρα.

253 2527 491 2608 pinastro
526 2522 614 2599 εἶδος
648 2523 767 2603 ἰχθύος
800 2523 856 2587 ιιαι
888 2517 1093 2672 άοοραιιῶδες
1125 2523 1313 2607 perpolitam

169 2625 278 2687 deinde
300 2625 459 2707 utrobique
482 2624 571 2686 etiam

254 2724 465 2842 pipoteres.
510 2719 704 2805 πινοτήρης
737 2720 931 2805 πινοφύλαξ
951 2664 1141 2804 λεγόμενος
1169 2686 1311 2788 πίναδ

169 2817 310 2896 εἶδος
293 2818 435 2905 οσιρέοο
482 2823 516 2884 ln
549 2820 657 2903 quibus
680 2839 701 2881 α
723 2821 887 2902 simplicem
922 2822 1010 2885 scribi
1043 2841 1105 2885 nou
1138 2822 1179 2889 ito
1213 2823 1313 2901 magni

167 2921 258 2997 laci03
289 2922 434 3001 duplicem
469 2922 638 2983 Athenaeus
672 2940 701 3001 p
729 2918 800 2982 891)
822 2920 874 3001 (ol.
900 2921 997 2984 Raulii
1018 2921 1061 2982 bo
1081 2923 1137 2985 lex
1152 2921 1221 2985 llos.
1244 2940 1312 2984 vcra

167 3021 241 3100 orig.
257 3041 286 3101 p.
303 3021 367 3098 80).

252 3120 357 3183 cnide
380 3137 487 3200 quam
511 3137 579 3181 nos
595 3119 960 3181 urticamvocamus:
984 3084 1111 3183 κνίδαι·
1127 3111 1313 3202 οἶκαλῆφαι.

253 3219 389 3282 Ceterum
413 3218 525 3281 cocleas
559 3218 647 3281 etiam
679 3220 779 3300 plures
813 3240 848 3282 ex
881 3218 1114 3281 exuberantibus
1136 3217 1311 3296 Diogeuiaui

166 3318 258 3399 copiis
279 3316 441 3398 Hesychius
463 3317 541 3379 velut
563 3312 702 3402 σελάιης
723 3312 868 3399 σέμελος.
913 3319 1005 3380 Porro
1029 3328 1263 3398 componantum
1302 3356 1306 3363 ·

251 3417 375 3496 aphye.
419 3410 527 3499 ἀφύη·
549 3414 590 3477 ιὰ
611 3414 714 3498 μικρά
737 3413 895 3495 ίχάάδιας
922 3425 953 3479 et
974 3411 1083 3499 άφύα·
1106 3413 1267 3499 μεμβράς.

251 3515 419 3578 citharus
463 3515 706 3581 rhomborum
749 3515 901 3595 generis
945 3533 1159 3596 pessumus:
1205 3516 1312 3578 etbe-

166 3632 236 3696 ρος·
341 3610 397 3677 καὶ
432 3609 531 3692 ἰχθύς
563 3621 592 3675 et
620 3613 676 3675 sub
697 3622 855 3695 μαρίνος·
888 3611 1029 3698 κίθαρος
1053 3611 1151 3694 ἰχθύς
1173 3610 1311 3679 θαλάσ-

165 3728 249 3786 σιος,
293 3714 348 3776 llic
380 3712 468 3793 piscis
502 3712 571 3774 satis
604 3730 689 3774 rarus
719 3719 748 3773 et
771 3713 865 3775 Plinio
888 3714 1016 3794 ignotus.
1063 3714 1144 3777 illius
1166 3720 1213 3775 est
1234 3728 1311 3775 σκι-

166 3807 272 3885 θαιιός
287 3812 364 3893 apud
383 3811 559 3894 hesychium
576 3810 621 3872 vel
644 3812 835 3893 σκίθαρκος,
860 3813 910 3892 qui
934 3813 1011 3875 idem
1028 3821 1116 3894 atque
1131 3809 1312 3896 οράχονρος

165 3911 283 3975 dicitur.

249 4009 396 4071 chalcis.
440 4004 568 4087 χαλκίς·
593 4006 681 4082 εἶδος
703 4003 819 4091 ὀρνέου
841 4030 897 4071 και
887 4006 1033 4088 ίχθάος
1059 4017 1090 4073 et
1115 3972 1172 4073 sub
1192 3970 1310 4091 χαλκι-

165 4105 268 4173 δίιιοιν
288 4106 416 4187 χαλκίς·
441 4102 590 4185 ὁίχθάς

250 4207 367 4272 cobio.
412 4204 540 4279 κωθός·
573 4202 694 4288 κωβιός
717 4217 747 4271 et
769 4208 944 4288 σωσίιίιοι·
977 4208 1105 4289 κωβιοί.
1150 4209 1307 4272 Praeterea

164 4305 239 4386 apud
270 4306 454 4389 llesyehium
498 4307 650 4384 κωβῖτις·
693 4299 713 4390 η’
749 4304 845 4390 λευκὴ
882 4301 972 4390 ἀφύη
1010 4307 1101 4387 (idem
1138 4307 1307 4373 Athenaeus
