2962 5010
617 248 858 328 -1844

164 451 277 520 quaest.
302 442 370 504 lles.
392 462 421 521 p.
437 441 574 516 utrium
607 443 693 521 quale
724 441 798 521 quin
823 439 949 520 piscium
977 435 1098 519 quoque
1126 440 1312 502 continuerit

164 541 285 603 nunrina
308 541 504 603 dubitandum
528 550 665 602 nonest

249 640 349 702 llabeo
373 648 471 701 autem
494 639 574 719 quod
597 658 696 718 neque
718 638 856 700 omittere
879 657 975 716 neque
997 644 1099 699 tamen
1122 637 1181 699 nisi
1207 637 1313 698 ultimo

164 740 228 801 loco
251 758 363 819 ponere
385 738 545 811 voluerim3
577 737 666 799 baca
687 737 719 798 in
740 736 817 798 Plini
844 737 976 815 catalogo
1004 737 1113 815 legitur
1136 754 1249 798 nornen
1280 745 1313 797 ut

164 839 280 900 videtur
313 855 467 916 graecum3
504 846 603 898 tamen
637 837 781 915 frequens
815 835 938 915 quidem
970 835 1049 914 apud
1083 835 1212 897 Graecos
1245 831 1314 914 βῶξ

164 938 263 1017 piscis,
296 936 376 1015 apud
404 934 517 996 Atticos
549 926 647 1014 βόαξ,
681 935 750 995 dora
778 932 849 997 nihil
880 942 934 994 est.
978 934 1085 996 Veram
1115 934 1245 996 formam
1274 953 1312 995 ne

164 1036 293 1097 lsidorus
326 1034 446 1114 quidem
480 1032 636 1112 ignorabat
664 1032 716 1112 qui
743 1032 774 1092 in
803 1032 929 1112 piscium
957 1050 1083 1094 recensu
1105 1032 1195 1093 haec:
1230 1034 1313 1095 bocas

165 1136 263 1198 dicuat
284 1152 341 1194 ersa
364 1133 446 1194 boues
466 1136 594 1193 morinos
616 1136 698 1213 quasi
718 1130 837 1205 doccas3
859 1139 949 1210 atque
971 1132 1051 1211 quad
1074 1130 1184 1193 Patdus
1205 1131 1312 1193 Diaco-

165 1251 222 1304 nus
244 1250 280 1293 ex
301 1231 389 1291 Festo
413 1231 574 1308 excerpsit:
610 1231 694 1291 bocas
713 1249 804 1310 peusis
827 1235 911 1309 piscis
933 1250 952 1291 a
974 1230 1084 1291 bouudo
1104 1231 1134 1291 id
1156 1242 1197 1294 est
1219 1250 1314 1293 uocem

165 1330 316 1393 emuteado
346 1330 507 1410 appellatur
535 1347 571 1389 ne
594 1329 623 1389 id
646 1328 766 1408 quidem
788 1328 954 1389 Plinianam
976 1328 1121 1390 tutabitur
1142 1329 1310 1391 lectionem.

166 1428 263 1491 Possit
274 1428 355 1489 enim
367 1427 472 1506 aliquis
485 1427 627 1487 adsentiri
640 1425 674 1486 0.
686 1426 827 1487 diuellere
839 1426 875 1486 ad
886 1426 904 1486 l.
919 1445 947 1505 p.
956 1424 994 1486 30
1007 1425 1133 1487 Paulum
1145 1446 1183 1488 ex
1193 1445 1312 1489 accusa-

85 1578 87 1583 .
165 1530 225 1590 tivo
250 1545 360 1589 novum
383 1525 601 1586 nominativum
625 1525 758 1586 ellecisse
780 1525 928 1604 opinanti3
961 1532 1061 1585 tamur
1089 1523 1118 1585 id
1150 1542 1205 1604 pro
1229 1535 1312 1587 certo

165 1645 201 1686 ex
231 1625 422 1705 explicatione
455 1643 474 1684 a
507 1622 619 1684 boando
656 1622 866 1702 consequitur,
902 1622 1046 1700 cogitasse
1083 1623 1312 1701 grammaticum

165 1724 264 1804 potius
287 1724 414 1784 formem
437 1723 546 1792 doceas,
570 1721 608 1782 ita
633 1730 665 1782 ut
692 1730 723 1782 et
745 1720 847 1783 lsidcri
869 1720 958 1781 rerba
979 1720 1020 1782 ita
1044 1721 1153 1800 expleri
1181 1722 1313 1800 possint:

165 1825 248 1885 bocas
291 1824 390 1884 dicuat
426 1839 484 1882 esse
518 1821 598 1881 boues
641 1823 769 1882 ammam
809 1823 892 1900 quasi
932 1820 1034 1882 doceas
1076 1838 1094 1882 a
1131 1820 1244 1883 bouada
1284 1831 1314 1884 et

166 1924 243 2001 apud
273 1921 396 1981 Paulum
426 1919 534 1980 lemma
556 1918 748 1998 probabiliter
771 1919 852 1980 boues
874 1916 935 1996 (vel
956 1918 1046 1994 douc)
1077 1917 1170 1980 luisse
1199 1919 1314 1982 dicatur

166 2038 263 2099 neque
274 2019 332 2080 iam
345 2017 386 2078 ibi
399 2018 434 2078 de
446 2017 529 2078 bocas
541 2016 722 2079 nominativo
734 2016 861 2096 amplius
873 2016 1065 2094 cogitandum
1077 2017 1125 2078 sit.
1143 2017 1180 2078 Et
1193 2017 1315 2098 quidem

166 2117 324 2196 singularis
358 2134 502 2178 numerus
530 2117 608 2195 apud
631 2115 756 2177 Paulum
784 2114 861 2175 solet
889 2114 961 2192 legi:
995 2133 1099 2195 carpus
1118 2119 1204 2195 pasees
1223 2135 1315 2196 pecus

167 2237 196 2296 p.
213 2215 292 2290 3233
321 2215 453 2294 pelamys
472 2232 562 2293 persus
580 2216 667 2292 piscis
689 2231 717 2293 p.
735 2211 814 2287 2073
846 2230 924 2297 apuu
943 2232 1034 2293 aereus
1053 2218 1167 2276 minimi
1183 2215 1317 2294 pisciculi

166 2335 195 2395 p.
219 2314 275 2387 223
298 2314 466 2393 accipenser
485 2329 575 2390 percus
593 2314 678 2390 piscis
699 2330 728 2391 p.
748 2310 803 2383 223
826 2321 910 2373 orata
929 2330 1019 2393 aeuus
1038 2316 1123 2393 piscis
1137 2332 1166 2393 p.
1185 2311 1259 2390 183,
1283 2322 1317 2375 ut

166 2433 205 2474 ne
221 2413 288 2492 quis
303 2411 382 2472 forte
398 2411 499 2472 boacas
511 2428 601 2489 percus
612 2413 698 2490 pascis
713 2429 731 2471 a
746 2411 856 2472 bouada
869 2456 876 2471 .
890 2455 917 2472 ..
932 2455 938 2471 .
955 2411 1139 2492 appellarunt
1152 2411 1316 2475 rescribere

166 2519 301 2572 conetur.
338 2509 529 2570 accusativus
551 2516 652 2569 autem
675 2509 766 2569 semel
790 2518 884 2570 exstat
895 2528 924 2589 p.
941 2508 979 2571 21
1004 2514 1101 2572 amica
1113 2529 1202 2591 aeuus
1215 2513 1318 2591 prbcis3

166 2629 264 2690 neque
286 2609 366 2669 enim
389 2608 421 2668 in
442 2607 536 2668 Lucili
558 2623 643 2666 versu
666 2607 744 2685 apud
758 2607 919 2668 Varronem
942 2608 974 2667 L.
990 2607 1023 2668 L.
1040 2608 1087 2669 Vll
1103 2609 1145 2670 47
1165 2609 1201 2670 ad
1219 2628 1316 2689 auem

166 2729 182 2769 a
215 2707 356 2768 diuellere
393 2705 538 2766 mittimm·
568 2703 655 2766 Sume
690 2714 750 2778 rete
779 2713 862 2786 atque
894 2709 992 2766 amico
1025 2706 1227 2768 nominativus
1260 2707 1317 2769 luit

168 2812 265 2871 amica
287 2823 383 2885 neque
399 2823 468 2864 vero
491 2804 555 2883 ipso
571 2814 630 2864 rete
644 2804 693 2864 illo
709 2804 910 2866 nominativus
926 2804 1129 2875 absconditur,
1146 2805 1199 2866 sed
1214 2805 1317 2884 legen-

167 2908 239 2967 dum
261 2913 363 2984 aperte
387 2912 447 2964 est:
474 2901 561 2963 Serme
583 2912 640 2965 cete
662 2913 745 2983 atque
767 2907 864 2965 eurico
886 2901 1005 2980 (suuu)‚·
1034 2911 1080 2963 cet
1101 2902 1182 2964 enim
1205 2921 1318 2966 summ

166 3024 221 3086 pro
238 3003 390 3084 capiendo,
413 3002 501 3063 modo
518 3001 554 3063 ci.
571 3001 647 3062 Enni
664 3001 836 3082 Heduphag.
854 3021 880 3061 v.
896 3002 932 3073 43
953 3001 993 3062 ita
1007 3009 1041 3062 ut
1055 3001 1091 3063 ab
1108 3002 1315 3065 hexametriais

167 3103 260 3165 Lucili
274 3101 358 3164 libris
374 3110 504 3163 metrum
520 3100 578 3161 hoc
591 3108 671 3161 recte
682 3099 889 3161 Lachmannus
906 3099 1064 3167 excluserit
1076 3119 1101 3160 v.
1116 3097 1194 3175 8363
1210 3099 1317 3163 Lucia·

167 3219 224 3263 nus
240 3209 338 3262 autem
355 3198 513 3262 Muellerus
534 3198 694 3277 sospitator
710 3217 797 3260 verus
812 3197 905 3260 Lucili
927 3215 1031 3259 vereor
1050 3204 1082 3261 ut
1099 3216 1168 3261 vere
1190 3199 1318 3263 ediderit

166 3311 291 3362 sumeret
319 3317 404 3379 aeque
433 3301 532 3359 amica
559 3297 608 3376 (ir.
631 3297 737 3360 incert.
753 3297 854 3374 XXV).
899 3297 960 3359 lam
990 3296 1022 3359 in
1051 3297 1217 3383 catalogum
1238 3297 1316 3361 Plini

167 3399 249 3477 bocas
270 3397 391 3477 quidem
415 3396 487 3457 illud
508 3414 599 3457 nemo
621 3415 710 3458 sanus
733 3397 856 3466 inferes
889 3395 998 3457 rectius
1022 3397 1098 3458 doec
1124 3396 1165 3458 ibi
1194 3415 1316 3477 qunque

167 3496 359 3558 scribendum
379 3495 465 3556 foret.
509 3495 569 3573 Ego
601 3503 653 3555 aut
683 3496 809 3556 formam
830 3494 1005 3556 femininam
1030 3495 1098 3556 decu
1119 3503 1238 3574 praeter
1259 3496 1316 3558 doc

167 3593 300 3673 quamvis
322 3592 487 3654 inauditam
510 3593 657 3655 exstitisse
679 3592 834 3654 statuerim
857 3593 934 3657 sicut
955 3601 985 3654 et
1006 3589 1108 3669 γλαῦξ
1137 3600 1166 3655 et
1188 3592 1316 3670 γλαῦκα

168 3693 318 3754 dicebatur
339 3691 400 3767 (cui
422 3691 584 3753 sententiae
607 3708 668 3753 uon
691 3690 880 3773 mediocriter
901 3691 1026 3754 fortasse
1048 3689 1137 3770 piscis
1165 3690 1214 3753 ille
1236 3692 1316 3766 lavet

168 3793 219 3872 qui
242 3793 319 3871 aliud
342 3791 546 3869 Francogallos
570 3791 736 3853 secuudum
758 3791 966 3853 llondeletium
997 3791 1079 3853 audit
1102 3791 1204 3871 dapem,
1233 3791 1316 3871 apud

169 3891 257 3953 ltalos
280 3890 362 3969 bopo)
384 3898 437 3952 eut
452 3889 575 3967 catalogi
597 3889 679 3951 latini
700 3898 849 3951 auctorem
866 3888 955 3951 nunis
972 3907 1146 3970 properasse
1162 3889 1316 3969 oculisque

167 3989 315 4052 infelicius
339 4008 454 4050 errasse
475 3988 641 4064 statuerim,
663 3988 760 4050 iuerat
783 4006 892 4068 nempe
908 3988 940 4049 in
954 3988 1049 4050 lexico
1066 3987 1136 4049 olim
1153 3988 1316 4051 vetustiore

51 4127 55 4135 ·
168 4087 197 4148 id
220 4087 298 4166 quod
319 4086 484 4165 Hesychius
506 4086 638 4149 exbibet:
666 4085 787 4166 deine·
816 4081 954 4149 θύννον.

254 4186 351 4264 Atque
385 4185 458 4246 baec
491 4185 528 4247 de
562 4184 688 4263 piscium
715 4185 845 4263 catalogo
873 4184 1017 4246 Pliniana.
1069 4184 1165 4256 Quem
1193 4183 1217 4246 si
1245 4184 1314 4264 quis

168 4283 280 4344 cautior
309 4281 400 4344 nihilo
432 4283 524 4344 sedus
552 4283 722 4345 confectum
744 4282 843 4345 dicere
865 4302 880 4343 a
902 4281 999 4344 Plinio
1020 4282 1086 4362 ipso
1109 4282 1257 4362 praeferet
1271 4316 1316 4327 -

168 4399 266 4462 neque
300 4382 381 4445 euim
414 4381 527 4445 alienia
560 4399 632 4447 sane
664 4382 756 4447 illes
785 4381 976 4467 grammatica
1009 4399 1111 4445 rerum
1138 4381 1319 4467 tractatione.

1059 4664 1087 4701 dio
