2962 5010
681 301 904 365 ..90-

220 487 318 563 Atque
333 481 433 543 Cicero
449 481 522 544 haec
538 480 640 543 eadem
657 496 733 561 quae
748 478 925 558 Chrysippea
942 477 1000 539 nisi
1015 476 1115 538 omnia
1130 485 1158 538 at
1175 483 1254 538 certe
1269 478 1365 558 pluri-

222 600 301 643 mam
332 588 446 661 partem
476 586 548 642 sunt
576 579 676 640 statim
710 584 779 640 ante
812 596 957 658 pavonem
984 576 1138 657 Chrysippi
1155 577 1294 657 explicat
1324 576 1366 638 De

220 681 282 741 Fin.
301 680 494 760 11131633,
517 678 568 740 ubi
583 676 720 756 Diogenis
742 678 840 738 locum
855 675 1016 756 Madvigius
1039 677 1111 737 dum
1128 683 1279 757 comparat
1299 676 1367 738 sine

221 798 308 842 eausa
341 779 399 840 nlla
433 776 528 857 tetigit
561 774 753 858 συνείδησιν
774 775 906 837 verbnm.
951 774 993 836 Cf.
1018 775 1107 836 etiam
1129 774 1204 837 Gelli
1218 774 1271 835 ΧΠ
1287 776 1317 850 5,
1332 776 1364 836 7.

220 879 342 940 Adicere
363 877 450 939 liceat
471 894 546 956 quae
568 876 632 936 Nat.
652 875 703 936 De.
719 878 737 950 ξ
753 874 790 935 91
816 875 954 953 leguntur
976 874 1013 934 de
1034 873 1151 936 animali
1172 873 1366 955 spirabilique

221 989 327 1041 natura
349 985 460 1038 terram
476 973 731 1037 circumfundente
754 972 800 1034 cui
823 991 936 1035 nomen
958 973 997 1033 sit
1020 978 1078 1046 aer,
1101 990 1135 1034 ea
1158 990 1278 1053 quoque
1297 974 1364 1054 pla-

220 1076 316 1138 cuisse
332 1075 494 1156 Chrysippo
511 1072 675 1135 secundum
690 1070 851 1134 Stobaeum
867 1072 918 1133 eol
936 1072 985 1151 ph.
1002 1070 1106 1146 1374;
1128 1072 1164 1133 de
1186 1073 1307 1134 aethere
1329 1091 1367 1133 ex

220 1173 367 1236 altissimis
389 1172 507 1251 ignibus
523 1177 678 1233 constante
694 1173 729 1233 cf.
748 1171 943 1251 Chrysippum
967 1171 1044 1250 apud
1059 1169 1140 1249 Diog.
1156 1170 1206 1232 La.
1221 1170 1274 1230 llll
1291 1171 1362 1232 137.

304 1273 365 1334 lam
398 1271 462 1351 ipsa
496 1271 667 1332 animalium
702 1271 834 1350 exempla
856 1270 934 1349 apud
958 1269 1132 1331 Ciceronem
1157 1269 1363 1350 inspiciantur.

219 1370 402 1432 Animalibus
424 1378 531 1432 natura
553 1368 589 1430 ad
611 1369 702 1431 vitam
724 1368 909 1430 retinendam
925 1367 1058 1429 membra
1081 1367 1160 1430 varia
1182 1369 1263 1431 dedit
1284 1386 1363 1448 quo-

219 1487 286 1531 rum
310 1469 424 1529 nullum
447 1483 700 1548 supervacaneum
728 1474 779 1528 ant
801 1484 863 1528 non
885 1466 1084 1528 necessarium
1107 1466 1160 1542 sit3
1189 1467 1260 1528 item
1283 1467 1363 1528 vires

220 1567 301 1628 dedit
323 1575 352 1629 et
374 1566 563 1653 celeritatem.
601 1566 673 1627 Data
695 1572 740 1627 est
759 1565 934 1646 quibusdam
958 1565 1048 1626 etiam
1068 1564 1246 1627 machinatio
1268 1584 1364 1645 quae-

220 1667 286 1726 dam
316 1674 404 1745 atque
432 1665 577 1726 sollertia:
606 1664 781 1726 adferuntur
807 1664 960 1725 araneolae
984 1666 1014 1739 (ξ
1036 1662 1109 1743 123)
1136 1682 1262 1745 quarum
1289 1663 1363 1725 aliae

219 1763 338 1842 quidem
373 1763 436 1825 sine
469 1770 532 1823 rete
553 1763 684 1842 arripere
704 1762 843 1842 praedam
874 1763 1027 1834 dicuntur,
1060 1763 1132 1824 aliae
1158 1771 1257 1825 autem
1280 1767 1367 1843 quest

217 1874 276 1925 rete
302 1871 403 1923 taccat
426 1871 460 1923 ct
484 1865 511 1923 si
534 1862 601 1943 quial
626 1862 779 1923 inhaeserit
804 1863 962 1942 conficient.
1002 1862 1085 1923 ldem
1112 1861 1216 1922 eodem
1239 1861 1363 1923 consilio

217 1961 312 2022 fusius
335 1961 511 2022 Plutarchus
532 1979 561 2040 p.
578 1959 679 2022 96611
702 1960 737 2021 ad
760 1959 861 2021 9671
885 1954 998 2039 (ὅταν
1019 1958 1194 2050 ἐνσχεθῇ
1226 1979 1264 2020 ιι
1296 1959 1363 2022 τῶν

218 2055 468 2140 ἁλωσίμων...
491 2056 573 2137 tayo
595 2067 764 2141 συναιρεῖν
784 2058 832 2131 εἷς
853 2058 983 2138 rodcog
1004 2060 1083 2121 idem
1101 2059 1282 2140 Chrysippus
1297 2059 1362 2141 ipse

218 2156 361 2236 (Chalcid.
377 2157 412 2218 ad
429 2157 505 2219 Tim.
521 2155 607 2236 229),
635 2157 688 2218 sed
710 2157 749 2218 ita
768 2166 802 2218 nt
821 2158 969 2219 humanae
984 2158 1101 2220 animae
1114 2158 1276 2239 principale
1292 2176 1360 2219 cum

218 2274 322 2317 aranea
339 2265 491 2336 comparet
507 2257 583 2331 (cum
598 2257 668 2336 quid
683 2275 721 2318 ear
736 2257 859 2318 bestiolis
877 2257 979 2338 plagas
999 2257 1178 2335 absumerit).
1220 2256 1362 2336 Sequitur

216 2355 316 2434 pina3
352 2363 440 2435 atque
472 2362 506 2416 ut
539 2355 675 2435 aquatilia
699 2355 747 2416 hio
770 2356 869 2417 statim
898 2374 1075 2436 componam
1109 2357 1211 2437 sepia
1241 2375 1361 2437 qnoque

217 2452 372 2516 adducitur
402 2472 476 2532 quae
504 2453 663 2515 atramenti
696 2454 841 2515 effusione
871 2473 903 2515 se
929 2460 1045 2516 tutetur
1067 2455 1161 2529 §127
1191 2455 1361 2534 ibidemque

217 2552 380 2631 torpedo
396 2570 485 2632 quam
500 2552 580 2614 inter
594 2550 700 2613 similia
717 2551 868 2632 Oppianus
884 2553 984 2633 posuit
999 2552 1059 2614 Hal.
1072 2553 1112 2613 ΠΙ
1124 2553 1184 2614 149
1200 2557 1242 2630 (et
1257 2551 1359 2633 1162).

216 2649 296 2710 Adeo
320 2656 348 2711 te
370 2658 420 2711 tua
444 2650 469 2710 si
491 2667 580 2730 quam
603 2669 717 2711 mecum
745 2650 839 2712 fecisti
861 2653 898 2713 de
921 2652 1084 2733 Chrysippo
1107 2652 1277 2714 coniectura
1298 2669 1361 2712 non

216 2747 328 2808 fefellit.

301 2845 449 2907 Nonnulla
472 2845 579 2925 eligere
602 2865 638 2907 ex
659 2846 806 2909 thesauris
827 2847 990 2929 Chrysippi,
1023 2850 1163 2930 pauciora
1196 2850 1285 2912 etiam
1308 2864 1361 2911 ex-

216 2945 352 3025 plicatius
374 2943 541 3005 describere
569 2945 639 3005 satis
665 2964 730 3006 esse
752 2946 878 3008 ducebat
900 2948 1013 3010 Tullius
1035 2948 1226 3028 ponebatque
1246 2948 1278 3010 in
1300 2949 1360 3010 ele·

216 3043 313 3122 gendo
343 3042 524 3121 elegantiam.
579 3042 690 3105 Multa
724 3044 803 3106 enim
837 3046 1026 3108 eiusmodi
1052 3047 1151 3129 inquit
1182 3051 1360 3128 prolerre

216 3159 391 3223 possum,
414 3141 476 3202 sed
499 3159 615 3219 genus
641 3138 766 3222 ipsum
790 3144 923 3206 videtis
947 3144 1051 3226 (leeg
1078 3145 1191 3208 scilicet
1212 3147 1305 3209 multa
1328 3147 1360 3208 in

220 3238 388 3302 conditorio
413 3239 505 3300 Stoici
528 3239 621 3301 seduli
653 3250 754 3321 parata
788 3243 912 3304 videbat.
956 3242 1117 3324 Elegeudas
1139 3245 1228 3306 etiam
1250 3262 1359 3306 ranas

216 3339 379 3400 marinas
414 3337 497 3398 duxit
531 3337 618 3419 (125)
656 3359 732 3420 quae
766 3341 905 3404 dicuntur
941 3344 1060 3405 obruere
1095 3362 1152 3406 sese
1187 3362 1278 3407 oreae
1312 3361 1359 3406 eo·

217 3437 275 3499 lere
311 3449 338 3500 et
376 3441 487 3499 moveri
520 3456 611 3518 prope
648 3457 753 3520 uquam
793 3440 831 3500 αδ
864 3459 935 3521 quus
970 3445 1054 3521 quasi
1080 3443 1118 3504 αδ
1146 3458 1240 3506 escum
1271 3447 1361 3524 pisces

216 3557 282 3600 cum
311 3538 495 3608 accessores,
532 3537 633 3617 confici
660 3557 679 3600 a
707 3542 789 3600 roais
818 3549 901 3618 atque
931 3545 1068 3602 emeseni.
1127 3542 1228 3604 Callidi
1263 3541 1360 3622 pisces

216 3637 267 3717 qui
299 3653 401 3698 ranam
435 3635 530 3714 ipsam
562 3654 617 3716 pro
651 3655 716 3699 esca
744 3636 880 3698 habeant.
924 3637 1059 3718 Aquatile
1086 3640 1258 3703 admirabile
1280 3641 1359 3722 quod

216 3753 331 3817 prope
383 3751 513 3812 aquam
567 3741 729 3796 moveatur.
796 3734 873 3807 Quid
900 3736 1020 3797 subsit
1060 3734 1213 3817 Oppianus
1256 3739 1361 3800 doceat

215 3834 242 3896 11
258 3834 297 3896 89
311 3851 384 3913 sqq,
412 3850 471 3911 quo
497 3832 561 3892 loco
586 3850 659 3893 rana
684 3832 798 3894 marina
823 3833 928 3894 itidem
951 3835 1092 3914 primum*
1108 3845 1197 3898 arena
1230 3837 1361 3918 limoque

215 3953 247 3995 se
269 3931 370 3994 obruit
391 3927 498 3989 deinde
519 3947 588 3990 vero
610 3930 801 3991 carunculam
835 3932 967 3994 extendit
998 3949 1111 4013 prope
1144 3935 1292 3996 maxillam
1319 3938 1360 3999 si-

214 4039 291 4104 tam3
314 4031 391 4091 hauc
413 4036 550 4103 movet,
583 4023 704 4090 δόλον
727 4025 872 4106 ἰχθύσι
906 4031 1147 4111 βαιοτέροισιν·
1181 4036 1216 4094 ol
1238 4029 1280 4116 ῥα
1301 4056 1360 4115 μιν

216 4123 424 4212 εἰςορόωνιις
467 4123 668 4211 ἐφορμώωσι
710 4127 938 4210 λαβέσθαι,
977 4148 1074 4192 escam
1108 4131 1228 4194 scilicet.
1284 4132 1358 4195 Item

216 4229 355 4290 Aelianus
369 4227 409 4287 IX
426 4226 467 4286 24
488 4227 521 4288 in
543 4227 613 4287 limo
637 4246 703 4289 eam
725 4247 758 4289 se
779 4227 888 4290 abdere
903 4235 1003 4290 narrat
1025 4237 1054 4290 et
1075 4231 1268 4309 praetendere
1282 4232 1358 4312 pilos

215 4328 329 4405 aliquos
351 4327 397 4388 vel
419 4325 483 4388 cilia
508 4324 738 4408 (βλεφαρίδας)
761 4345 886 4408 quarum
920 4327 1027 4406 cuique
1059 4324 1164 4410 βραχὺ
1197 4332 1360 4412 σφαιρίον

216 4425 459 4507 προςπέφνκεν.
502 4425 711 4504 Aduatareque
743 4426 840 4506 pisces
873 4444 1069 4507 escamque
1100 4427 1176 4490 hane
1204 4447 1268 4493 esse
1290 4431 1356 4511 opi·
