2962 5010
543 290 861 355 ·-137-

174 471 403 533 Aristotelis
431 470 475 530 de
497 467 719 530 animalibus
742 468 932 529 volumina
959 469 1114 530 collecta
1135 467 1173 528 in
1196 476 1311 529 artum

175 590 254 632 esse
288 571 352 642 ita,
387 577 424 631 ut
446 570 615 647 legentes
641 567 677 628 in
698 567 885 629 universis
907 583 1028 630 rerum
1052 576 1202 630 naturae
1224 585 1311 646 ope-

173 670 277 732 ribus
315 669 507 748 medioque
543 666 603 746 (vix
634 674 732 740 recte3
768 683 803 728 an
840 663 1075 747 immodicoquc‘l)
1111 666 1312 728 clarissimi

177 789 308 848 regum
332 768 495 830 omnium
518 764 704 827 desiderio
728 764 896 827 breviter
921 765 1267 854 peregrinarentur.
1294 764 1296 767 ’

257 866 469 928 Gravissimum
491 863 694 928 testimonium
722 865 804 926 locus
831 864 880 925 ille
902 863 978 925 Plini
1007 865 1043 926 de
1065 864 1189 945 piscium
1212 865 1313 926 inimi-

173 966 247 1028 citiis
270 973 328 1028 est:
351 963 478 1036 1x185,
512 982 570 1044 quo
603 971 738 1026 accurate
761 963 943 1025 Aristotelica
977 963 1063 1025 verba
1098 963 1221 1044 exprimi
1253 963 1311 1024 iam

173 1083 260 1146 supra
276 1063 501 1138 declaravimus3
517 1063 563 1125 sin
579 1071 677 1125 antem
695 1063 837 1127 intentius
853 1062 973 1142 legeris,
985 1062 1111 1124 omissas
1127 1062 1248 1124 aPlinio
1263 1078 1312 1124 res
1413 1111 1418 1122 .

173 1167 244 1226 duas
267 1163 388 1237 videbis,
420 1170 449 1224 et
470 1164 537 1234 hoc,
566 1179 792 1243 nonnumquam
816 1162 906 1224 etiam
929 1180 1032 1243 pacem
1054 1162 1132 1224 inter
1153 1179 1310 1222 murenam

174 1272 204 1326 et
225 1280 368 1342 congrum
393 1280 459 1324 esse
482 1260 636 1341 sociosque
657 1261 722 1323 lieri
743 1263 846 1342 lupum
871 1269 901 1322 et
923 1261 1072 1341 mugilem,
1100 1268 1129 1322 et
1151 1259 1231 1331 illud,
1254 1258 1311 1320 ri-

174 1381 258 1424 vere
280 1380 329 1423 eos
352 1361 404 1441 qui
425 1359 548 1421 caudam
563 1359 717 1422 amiserint
740 1356 888 1437 (ζῶσιν
903 1354 1108 1443 ἀφῃρημένοι
1126 1357 1311 1437 Aristoteles)

172 1479 269 1541 neque
284 1459 372 1538 igitur
387 1459 575 1521 mortiterum
591 1477 725 1521 morsum
740 1478 812 1522 esse.
845 1459 947 1538 ltaque
963 1459 1075 1521 Plinius
1090 1457 1193 1538 ipsene
1207 1474 1310 1537 graeca

171 1556 335 1621 breviavit?
363 1545 489 1620 minime¹
507 1575 593 1620 vero:
617 1557 718 1619 statim
741 1558 823 1619 enim
845 1556 1014 1618 addendum
1030 1555 1156 1637 putavit:
1180 1555 1311 1636 Nigidius

171 1658 493 1740 unctorestprocroderc
504 1656 626 1719 caudam
636 1657 738 1736 mugrli
743 1657 843 1737 lupum
854 1649 1105 1737 cosdemquo'etotis
1116 1655 1259 1716 monulus
1268 1653 1310 1732 (id

171 1767 215 1819 est
242 1748 316 1819 κατ’
346 1754 454 1828 ἐνίους
483 1751 637 1836 καιρούς)
664 1757 814 1818 concordes
848 1772 913 1817 csso.
960 1754 1064 1816 Omnes
1093 1763 1188 1815 cutem
1215 1756 1310 1816 οἰοοσο

171 1857 270 1937 quibos
299 1855 408 1916 condor
435 1856 475 1914 sic
511 1863 702 1933 amputentur.
752 1853 856 1934 ltaque
888 1852 1019 1932 Nigidius
1053 1851 1175 1932 quidem
1211 1852 1308 1913 locum

172 1954 334 2016 Aristotelis
366 1953 486 2033 plenum
523 1951 694 2028 exhibebat3
729 1952 836 2035 quodsi
859 1952 971 2014 Plinius
994 1952 1182 2014 Aristotelem
1210 1950 1308 2031 ipsum

171 2053 364 2124 adhibuisset,
388 2051 423 2114 de
444 2050 501 2113 ista
521 2071 555 2113 re
576 2052 662 2131 plane
683 2051 823 2114 nonfuit
845 2050 1017 2131 curnigidi
1039 2058 1091 2112 ant
1113 2051 1235 2112 omnino
1258 2057 1309 2110 aut

171 2153 218 2214 hic
239 2151 444 2213 tantummodo
468 2167 579 2213 nomen
601 2150 772 2230 adponeret
811 2149 995 2212 Adhibuerat
1015 2149 1191 2211 breviarium
1214 2147 1309 2229 graeci

171 2249 268 2330 operis
289 2249 406 2329 aliquod
421 2248 549 2328 indeque
564 2248 612 2311 bic
627 2268 643 2311 a
660 2249 774 2328 Nigidio
797 2268 860 2311 rem
884 2248 1007 2311 eandem
1023 2247 1140 2330 excerpi
1160 2265 1199 2310 ne
1214 2247 1309 2309 sensit

170 2347 303 2429 quidem!
338 2348 450 2410 Elucet·
467 2355 567 2410 autem
588 2348 646 2410 boo
658 2347 738 2418 ¹illud
761 2367 827 2410 esse
845 2347 1022 2413 breviarium
1037 2348 1118 2428 quod
1132 2366 1186 2428 pro
1201 2345 1308 2407 lunda-

170 2453 269 2507 mento
303 2446 412 2527 ubique
433 2444 563 2527 ponebat
585 2446 698 2509 Plinius
732 2466 830 2527 neque
862 2447 998 2526 cuiquam
1030 2446 1060 2508 id
1093 2446 1153 2509 veri
1183 2444 1307 2507 similius

118 2602 122 2611 .
169 2562 258 2624 quam
281 2543 421 2626 Pompeio
444 2546 540 2624 Trogo
562 2544 719 2608 tribuetur.

252 2643 348 2724 Atque
362 2644 421 2706 iam
432 2642 615 2706 breviuscula
630 2646 778 2708 inseratur
789 2643 867 2708 Plini
876 2642 1100 2724 Aristotelisque
1115 2641 1306 2723 comparatio.

251 2755 293 2817 lle
314 2755 436 2818 insectis
457 2755 573 2819 Plinius
594 2757 626 2819 in
647 2757 712 2838 ipso
733 2746 861 2821 libri'xl
883 2755 1020 2818 exordio:

267 2893 379 2954 lllulta
402 2894 495 2954 baec
516 2904 553 2956 et
576 2896 844 2976 multigenera3
866 2895 1114 2958 terrestrium
1136 2895 1307 2957 volucrum-

267 3010 326 3071 que
348 2991 422 3061 rita3
448 2992 522 3056 alia
544 3004 706 3072 pennata
730 3006 770 3058 ut
793 3012 893 3076 apes,
922 2995 995 3057 alia
1016 3003 1178 3074 utroque
1201 2997 1306 3057 modo

267 3098 304 3152 ut
336 3090 532 3164 formicae,
565 3092 690 3172 aliqua
712 3102 742 3154 et
763 3094 901 3173 pennis
929 3092 1104 3172 etpedibus
1137 3093 1307 3155 carentia

267 3198 305 3250 ut
325 3188 417 3263 *iuri3
440 3191 538 3253 omnia
560 3191 704 3255 insecta
727 3192 917 3274 appellata
939 3191 979 3253 ab
1001 3191 1188 3253 incisuris
1211 3210 1306 3272 quae

266 3305 369 3351 nunc
391 3289 595 3351 cervicium
617 3291 717 3364 loco,
739 3310 840 3356 nuno
861 3299 1060 3371 pectorum
1083 3298 1197 3371 atque
1218 3290 1304 3363 alvi,

266 3386 433 3464 praecincta
463 3400 641 3469 separant
668 3391 824 3453 membra
852 3393 933 3456 tenni
966 3393 1056 3456 modo
1078 3394 1177 3456 listula
1199 3394 1304 3456 cobae-

270 3485 365 3546 rentia
381 3504 443 3566 eqs.

165 3627 222 3700 Qui
245 3627 402 3690 emendare
417 3630 502 3692 verba
525 3640 721 3712 susceperunt
737 3633 922 3698 Aristotelem
937 3636 1042 3700 vellem
1064 3639 1241 3702 evolvissent
1255 3638 1305 3700 ubi

165 3725 335 3788 baco'sunt
356 3746 386 3807 p.
406 3727 499 3789 523ss
522 3729 628 3809 1'lsq.:
661 3729 698 3794 τὸ
729 3730 767 3794 δὲ
795 3730 940 3818 ἐννόμων
971 3735 1094 3818 (γένος)
1125 3731 1145 3798 ὅ
1175 3732 1306 3799 πολλὰ

165 3821 230 3887 οιαὶ
264 3818 438 3906 ἀνόμοιοι
467 3823 683 3910 περιείληφεν
718 3828 790 3914 εἴδη
823 3828 921 3917 ζῴοιν.
976 3831 1062 3898 ἔστι
1092 3830 1125 3898 d'
1155 3833 1305 3917 ἔντομα

166 3915 238 3984 ὅσοι
268 3915 366 3984 zarai
398 3920 580 4008 τοῦνομά
609 3923 720 3992 ἐστιν
749 3926 922 4015 ἕνσομὰς
952 3931 1091 4013 ἔχοντα
1113 3929 1133 4017 ἢ
1155 3930 1196 3997 ἐν
1217 3943 1305 4007 τοῖς

164 4015 331 4094 ὑπτίοις
368 4018 388 4106 ἢ
427 4020 468 4086 ἐν
507 4032 593 4099 τοῖς
634 4030 832 4109 προενέσιν
861 4027 880 4114 ἢ
909 4028 944 4094 ἐν
980 4023 1110 4115 α’μφοτν
1143 4029 1199 4094 καὶ
1230 4027 1305 4095 οὔτε

165 4109 305 4193 ὀστῶδες
335 4117 401 4200 ἔχει
431 4123 467 4183 ἓν
501 4121 739 4206 κεχωρισμένον
772 4124 845 4191 οὔτε
875 4125 1058 4211 σαρκῶὃες,
1089 4126 1174 4194 ἀλλὰ
1202 4132 1304 4213 μέσον

165 4212 309 4301 ἀμφοῖν·
344 4218 383 4282 τὸ
417 4219 522 4303 σῶμα-
547 4220 608 4306 γὰρ
643 4216 767 4305 ὁμοίως
804 4224 860 4287 nal
890 4224 953 4290 ἔσω
984 4227 1040 4290 val
1070 4225 1133 4302 ἔξω
1162 4226 1304 4313 σκληρόν

165 4313 254 4377 ἐστιν
275 4310 391 4382 αὐτῶν.
429 4316 575 4383 ἔστιδ’
599 4320 746 4406 ἔννομοι
774 4323 841 4387 καὶ
863 4322 1018 4411 ἄπτεροι
1048 4325 1137 4393 οἷον
1165 4328 1303 4402 ἴουλος

165 4412 222 4475 καὶ
251 4413 493 4502 σκολόπενδρα,
529 4418 597 4483 καὶ
619 4421 809 4506 πτερωτοὶ
839 4422 927 4490 οἷον
954 4425 1124 4508 μέλισσα
1153 4424 1209 4491 val
1238 4449 1302 4512 μη-
