2962 5010
755 301 974 364 ..16-

295 479 373 559 quod
396 497 476 541 amas
499 478 598 540 ammo
627 496 759 556 semper,
783 478 861 557 quod
885 496 955 539 voce
977 475 1104 556 precari,
1139 474 1242 537 Omnia
1267 473 1437 535 Caesaribus

294 578 352 640 iam
385 586 436 640 tua
469 579 545 638 facta
578 575 731 656 probem
761 577 950 656 interponere
973 595 1040 637 vero
1062 575 1211 636 relativam
1234 574 1355 635 omniuo
1378 590 1439 632 non

294 674 400 736 licebat
437 674 614 736 sententiam
650 681 749 754 spreta
795 674 1001 736 coniunctione
1042 672 1214 753 copulativa.
1272 672 1333 732 Iam
1369 687 1438 731 vero

293 781 492 863 yeteraousne
514 791 616 834 revera
639 780 723 852 poeta
747 791 785 834 an
813 772 911 853 potius
945 772 1110 834 tirunculus
1133 771 1190 833 fuit
1213 770 1264 849 qui
1285 768 1438 848 prooemio

283 873 426 935 inserere
448 872 505 934 ista
527 871 650 933 auderet
671 889 742 932 suo:
1212 876 1215 881 '

782 995 896 1057 vitulus
918 995 974 1057 sio
995 1012 1125 1073 namque
1148 991 1279 1052 minatur

442 1095 500 1168 Qui
521 1093 657 1155 nondum
679 1093 752 1173 gerit
774 1094 805 1155 in
828 1107 930 1156 tenera
952 1093 1012 1156 iam
1034 1109 1143 1154 cornua
1166 1091 1272 1163 fronte,

442 1192 499 1253 Sic
521 1190 623 1253 damae
644 1192 771 1270 fugiunt,
794 1200 927 1272 pugnant
949 1191 1056 1252 virtute
1077 1191 1177 1251 leones

440 1290 483 1350 Et
505 1307 605 1350 morsu
629 1289 709 1350 oanis
731 1299 766 1351 et
788 1289 897 1352 caudae
919 1289 971 1351 sio
992 1287 1126 1368 scorpius
1148 1287 1209 1348 ictu
1279 1269 1287 1282 ⁸

442 1387 677 1468 Concussisque
700 1387 769 1449 Ievis
791 1389 896 1470 pennis
919 1389 976 1450 sio
998 1387 1093 1448 evolat
1114 1384 1174 1447 ab's.

298 1556 401 1634 Itaque
422 1555 478 1614 iste
505 1570 567 1614 non
588 1553 655 1633 plus
683 1553 774 1614 semel
803 1553 926 1632 perfecit
960 1560 993 1614 ut
1029 1552 1189 1631 primorem
1222 1567 1310 1610 sunm
1343 1548 1441 1608 locum

300 1653 448 1715 obtmeret
470 1651 626 1730 particula3
647 1650 679 1712 in
702 1651 806 1713 ultimo
828 1669 915 1712 versu
937 1651 967 1712 in
991 1657 1131 1730 quartum
1152 1648 1268 1709 redacta
1284 1653 1329 1707 est
1344 1645 1442 1707 addita

300 1751 494 1831 copulaque,
529 1749 677 1810 anteriore
709 1750 773 1811 Ioco
807 1750 838 1811 in
865 1767 995 1823 nonum,
1029 1748 1109 1828 quod
1143 1747 1189 1808 via
1220 1745 1341 1821 credas3
1374 1762 1443 1806 nam

299 1850 386 1912 talem
411 1849 594 1927 anaphoram
616 1847 775 1925 cogitabat:
809 1849 857 1910 SIc
878 1849 980 1910 damae
1002 1847 1127 1926 fugiunt,
1161 1845 1218 1906 sIc
1244 1850 1376 1924 pugnant
1410 1849 1444 1903 et

300 1948 409 2009 virtute
431 1946 532 2007 leones
555 1954 591 2006 et
612 1965 714 2007 morsu
737 1946 819 2007 canis
844 1952 879 2007 et
901 1947 1010 2008 candae
1033 1946 1093 2006 ictu
1115 1941 1267 2023 scorpius!

385 2060 452 2120 Non
475 2056 699 2120 obmutescebat
721 2065 822 2119 tamen
845 2057 1001 2120 etiterum
1023 2055 1118 2118 simile
1133 2042 1285 2135 peccavit.⁸
1305 2050 1444 2131 Legimus

301 2158 381 2219 enim
403 2176 429 2216 r.
454 2157 492 2216 77
509 2175 570 2235 sq.:

501 2294 582 2366 Quae
604 2309 703 2353 nuno
725 2292 809 2353 elatis
832 2292 978 2354 rimantur
999 2291 1120 2354 naribus
1143 2309 1242 2377 auram

502 2391 545 2450 Et
567 2407 666 2452 nuno
689 2389 817 2451 demisso
842 2399 989 2471 quaerunt
1011 2389 1131 2469 vestigia
1153 2397 1250 2451 rostro

500 2488 540 2548 Et
561 2488 693 2568 produnt
715 2507 776 2568 eqs.

302 2641 374 2702 inra
396 2639 520 2701 infantia
542 2639 671 2700 hominis
693 2658 787 2700 nuuc
809 2645 869 2702 non
896 2640 960 2700 sine
992 2640 1094 2719 copula
1127 2648 1158 2700 et
1190 2638 1332 2699 iterantis.
1372 2637 1447 2698 Boni

303 2740 444 2801 nImirum
478 2738 507 2798 id
541 2755 601 2798 non
634 2737 781 2799 facIebant
813 2746 916 2818 poetae
950 2756 1047 2816 neque
1069 2736 1207 2811 Ovidius,
1240 2735 1447 2797 adscribantur

303 2837 389 2898 haec:
423 2836 504 2897 Nuce
536 2835 674 2898 violentos
706 2855 792 2916 oper,
824 2856 902 2898 noco
931 2854 1015 2915 qoem
1043 2839 1160 2914 teta'qr'sse
1188 2838 1319 2896 timerent
1339 2833 1447 2914 Acpor's

303 2954 383 3007 crus,
417 2934 501 2994 modo
531 2944 555 2996 tc
584 2953 644 3013 eqs
675 2934 742 2994 Met.
767 2933 794 3006 8,
819 2934 889 2994 724.
935 2934 1017 2994 Nouo
1051 2932 1092 2994 leo
1125 2951 1202 2994 nunc
1235 2933 1339 3003 orbor,
1367 2949 1447 2993 nuuc

187 3069 189 3072 ⁴
303 3032 477 3093 eritbertus
507 3050 577 3111 oper
603 3032 666 3092 Art.
693 3031 721 3104 I,
751 3032 823 3093 762.
873 3033 908 3094 Et
944 3051 1020 3094 nuuc
1047 3031 1174 3094 sublimis
1202 3076 1209 3090 .
1234 3076 1241 3090 .
1266 3076 1273 3090 .
1303 3030 1447 3109 despicere

302 3135 334 3191 tre
366 3130 455 3190 colles
487 3134 629 3210 imumque
658 3129 815 3192 Aebcrooto
836 3131 962 3203 videtur,
996 3130 1095 3202 Norae,
1128 3131 1180 3191 obi
1209 3147 1269 3209 eqs.
1303 3128 1370 3189 Met.
1398 3127 1446 3199 XI,

305 3227 367 3288 503
392 3248 455 3308 sqq.
500 3228 585 3290 Nunc
603 3232 695 3309 pinno
715 3247 815 3302 veros,
843 3248 920 3290 nuno
942 3228 1016 3289 dotis
1038 3247 1086 3290 ore
1107 3238 1189 3289 notos
1211 3226 1288 3287 Fast.
1311 3225 1342 3300 I,
1374 3225 1445 3286 448.

304 3325 387 3387 Nono
409 3327 460 3387 tibi
479 3327 597 3399 riculis,
617 3346 695 3388 auno
717 3329 824 3388 durum
847 3329 933 3389 timeo
956 3329 1075 3399 amenti,
1098 3325 1182 3387 Nono
1203 3325 1321 3387 subeoot
1348 3321 1446 3385 aedos

304 3427 394 3485 terito
415 3424 501 3485 verbo
525 3426 582 3486 deis
607 3425 726 3487 Remed.
755 3425 827 3486 677.
871 3424 907 3485 Et
927 3443 1004 3485 nuce
1026 3423 1065 3484 od
1083 3425 1187 3502 sontes,
1208 3443 1286 3485 nuuc
1307 3420 1345 3484 od
1365 3437 1445 3482 more

304 3541 403 3582 versus
426 3532 557 3600 opertum
578 3520 643 3582 Met.
668 3521 731 3582 v111
756 3520 825 3582 165.
868 3522 905 3582 Et
924 3539 1001 3582 nono
1016 3510 1190 3594 tractaverit,
1213 3541 1290 3583 nunc
1323 3525 1446 3583 circum-

303 3618 439 3700 funditur
467 3619 535 3680 illoc
561 3619 630 3681 Met.
657 3619 702 3693 IV,
726 3619 797 3680 360.
841 3619 886 3679 Ita
908 3619 1049 3681 nimirum
1073 3618 1216 3698 Vergilius
1242 3638 1376 3700 quoque:
1413 3617 1449 3680 n

304 3737 381 3780 nuuc
403 3717 500 3779 Pristis
527 3717 619 3791 babet,
653 3737 730 3779 nuno
762 3721 867 3780 victum
884 3721 1023 3797 praeterit
1043 3721 1141 3798 rupeas
1165 3717 1341 3792 Centaurus,
1371 3734 1449 3778 noue

304 3835 367 3876 ooo
398 3815 498 3877 omboe
520 3835 582 3895 eqs.
605 3816 675 3876 Aen.
697 3817 729 3887 V,
754 3815 813 3876 156
828 3835 883 3894 sq,
907 3815 942 3877 of.
966 3815 1038 3887 VIII,
1061 3815 1137 3890 4423
1163 3817 1208 3892 IV,
1232 3817 1310 3890 3603
1337 3815 1359 3889 I,
1375 3814 1448 3874 220.

306 3914 367 3975 Lex
389 3912 558 3975 necessario
580 3914 682 3975 eadem
704 3913 756 3974 nbi
777 3914 862 3975 modo
884 3920 914 3974 ct
934 3932 1011 3975 nuuc
1034 3916 1151 3977 voculae
1174 3915 1347 3982 miscentur,
1370 3913 1449 3973 velut

306 4011 374 4073 Met.
397 4011 472 4083 XIII,
496 4009 573 4071 922:
595 4011 677 4073 modo
701 4010 838 4073 ducebam
851 4046 893 4057 -
912 4031 989 4074 cuno
1011 4014 1194 4086 umderobor3
1216 4012 1294 4072 Fast.
1309 4009 1355 4081 IV,
1371 4007 1447 4068 643:

306 4127 376 4170 eom
398 4107 480 4171 morto
502 4111 592 4170 sr'ccus
613 4118 676 4171 erut
697 4155 705 4170 .
725 4156 731 4171 .
749 4153 757 4171 .
772 4126 849 4172 aueo
871 4129 939 4191 oper
960 4112 1130 4173 lomoriobot
1150 4126 1241 4188 aqum
1262 4107 1351 4168 Trist.
1373 4105 1396 4179 I,
1418 4105 1448 4180 2,

307 4204 365 4267 27:
393 4205 470 4266 Nom
491 4205 573 4269 ruodo
596 4252 603 4266 .
628 4251 635 4267 .
658 4250 666 4265 .
693 4211 768 4269 uires
795 4212 976 4289 repiremus
998 4253 1067 4282 ...,
1101 4224 1178 4266 narce
1204 4205 1378 4284 zephyrus.
1407 4249 1414 4264 .
1441 4247 1449 4264 .

308 4306 399 4375 adest,
430 4324 507 4366 nuno
641 4306 741 4368 boreos
775 4307 929 4369 booobotur
961 4307 997 4367 ab
1023 4305 1122 4375 Arcto,
1154 4321 1232 4372 cunc
1271 4313 1356 4365 rectus
1388 4319 1449 4381 eqs.

308 4403 343 4464 cf.
379 4403 467 4465 etiam
495 4403 563 4466 Met.
597 4405 677 4477 VIII,
718 4403 778 4469 290
800 4424 845 4485 sq.
879 4414 908 4465 et
941 4403 1002 4464 506
1023 4419 1105 4481 sqq.;
1141 4400 1182 4475 X,
1219 4400 1278 4461 187
1301 4419 1362 4480 sq.;
1402 4399 1451 4470 XI,
