2962 5010
628 264 845 328 -37..

166 441 326 504 llr'scridoro
348 441 424 520 (llal.
441 439 482 502 92
504 439 542 502 cl.
565 439 777 502 Buechelerum
800 439 873 500 Mus.
897 439 989 500 Rben.
1012 437 1077 500 xttl
1100 459 1128 519 p.
1145 439 1220 512 602)
1247 459 1309 504 non

167 541 301 603 cernitur
323 541 401 620 apud
425 540 588 614 Nasonem3
616 558 712 619 neque
740 539 820 618 quod
847 537 963 616 gravius
991 545 1051 611 ast,
1080 539 1234 601 cadentem
1262 540 1311 602 bic

166 658 298 719 unquam
329 638 478 719 procidere
512 637 584 698 dixit
606 637 680 714 (Hal.
702 636 771 715 57),
806 637 857 698 sed
891 637 1034 698 ooamderc
1060 635 1127 698 Met.
1151 638 1310 713 V1114013

166 738 205 798 tx
220 738 292 799 650.
336 737 371 797 ln
396 736 456 796 llal.
473 755 500 796 v.
518 734 555 796 31
585 735 647 797 voci
671 734 789 797 crinalis
811 734 980 812 incognitus
1004 735 1100 814 poetis
1125 752 1231 798 sensus
1254 736 1310 799 tri-

166 837 255 898 butus
279 842 336 910 est3
360 841 548 915 exspectatur
563 837 697 905 crinitos,
724 834 803 912 quod
826 850 931 911 gracco
954 826 1163 914 εὐπλόκαμος
1182 833 1311 897 Matroni

167 934 276 1013 parodo
298 941 402 1014 poetae
426 931 577 994 dicebatur
596 932 702 992 Athen.
719 949 747 1010 p.
768 929 866 1001 1356,
890 926 1151 1011 πολυπλόκαμος
1172 931 1310 996 Marcello

168 1032 286 1093 Sidetas
301 1051 326 1096 v.
344 1030 384 1092 36
412 1039 442 1092 at
462 1047 522 1091 non
546 1025 835 1110 πουλυπλοκάμων
856 1029 908 1091 sed
929 1024 1223 1110 ἁπαλοπλοκάμων
1238 1031 1310 1093 Phi-

167 1131 289 1192 loxenus
306 1128 460 1209 Cytherius
475 1128 580 1190 Athen.
597 1147 626 1208 p.
646 1127 704 1188 147
715 1127 746 1188 B.
785 1127 877 1189 Porro
904 1127 998 1188 virum
1022 1115 1184 1206 superhum
1207 1129 1309 1209 Vergi-

166 1228 222 1290 lius
249 1228 394 1288 sublatum
420 1226 507 1298 dixit,
541 1227 623 1287 illum
657 1226 802 1288 sottarom
827 1223 970 1305 praebere
997 1224 1056 1286 nisi
1081 1226 1192 1304 volgari
1218 1245 1309 1291 sensu

166 1326 246 1388 verbi
269 1325 365 1387 tollere
389 1342 451 1386 non
473 1324 545 1398 vidi3
576 1324 608 1384 in
630 1322 800 1384 Halieuticis
823 1332 922 1386 autem
945 1323 1028 1385 adest
1050 1322 1140 1384 etiam
1164 1324 1311 1405 participii

166 1424 381 1504 comparativus
404 1421 546 1484 sublatior
567 1441 592 1483 v.
614 1423 654 1484 55
679 1423 773 1499 (velut
796 1423 948 1484 audentior
971 1421 1077 1499 Vergili
1100 1421 1172 1483 ben.
1189 1423 1225 1484 Vl
1246 1421 1308 1503 95).

167 1523 330 1600 Draegerus
353 1521 404 1601 qui
426 1521 456 1582 in
474 1520 609 1601 syntaxis
625 1521 636 1581 l
652 1539 680 1600 p.
698 1520 738 1581 29
754 1539 837 1582 raros
860 1520 1076 1600 comparativus
1092 1529 1181 1600 atquo
1203 1539 1310 1602 super-

166 1622 273 1682 lativcs
300 1641 335 1682 cx
365 1620 460 1700 poetis
488 1619 600 1680 nostris
629 1619 799 1700 composuit
827 1620 962 1682 omisisse
988 1621 1127 1682 sublatior
1152 1627 1311 1699 propteroa

166 1721 282 1782 videtur
316 1719 383 1797 qnia
417 1717 588 1780 adverbium
622 1719 762 1780 sublatius
792 1719 893 1780 Cicero
923 1716 1078 1797 scripsisse
1108 1717 1239 1779 creditur
1268 1717 1311 1780 De

168 1819 256 1880 domo
279 1835 331 1878 sua
348 1815 404 1888 953
427 1824 560 1877 ceterum
584 1816 807 1895 participiorum
831 1815 1046 1896 comparativus
1069 1834 1103 1875 ex
1120 1814 1224 1877 Ovidio
1248 1831 1310 1877 non

167 1915 324 1996 adscripsit
346 1915 404 1975 nisi
426 1915 549 1975 horum:
579 1921 729 1988 metuens,
752 1914 868 1988 nitens,
890 1914 1048 1988 simulans,
1072 1914 1220 1992 cognitus,
1243 1932 1310 1977 cor·

166 2023 283 2094 reptus;
313 2012 508 2093 superlativus
523 2012 644 2074 horum:
667 2021 839 2086 consuetus,
860 2013 989 2086 dotatus,
1010 2012 1140 2086 iunctus,
1164 2013 1310 2090 laudatus,

168 2114 298 2175 strictus.
356 2111 503 2173 Ilicendus
537 2120 637 2173 autem
675 2119 720 2173 est
758 2112 886 2193 scriptor
918 2110 1149 2174 Halicuticorum
1190 2111 1311 2193 insuper

167 2213 239 2275 satis
263 2212 400 2273 audacter
421 2209 562 2274 sooblotior
583 2209 762 2272 adiectivum
779 2230 832 2290 pro
854 2209 989 2272 adverbio
1005 2209 1156 2290 posuissa;
1179 2217 1259 2272 certe
1274 2211 1311 2274 ad

167 2311 237 2372 illud
260 2310 416 2372 ablativum
445 2310 524 2370 velut
552 2309 638 2370 reboo
659 2309 790 2371 secundis
820 2309 887 2371 addi
909 2316 939 2369 et
960 2326 1018 2370 usn
1039 2308 1135 2369 fertur
1157 2317 1187 2370 et
1209 2309 1309 2372 relert.

167 2408 287 2472 Terenti
310 2409 380 2470 llec.
398 2408 478 2470 507:
513 2406 589 2479 Qoio
608 2407 732 2488 poclum
759 2408 839 2469 vodis
872 2411 985 2470 occessit
1017 2409 1172 2486 pecuniae,
1205 2407 1314 2471 sublati

167 2511 257 2570 calmi
278 2516 358 2575 sort,
389 2506 591 2585 accipiendum
614 2514 660 2566 est
682 2524 750 2585 pro:
774 2506 815 2568 llo
838 2507 913 2586 qood
931 2505 1057 2585 paulam
1072 2523 1135 2585 eqs.
1177 2504 1219 2566 Cf.
1236 2505 1311 2568 Ver-

166 2608 215 2688 gili
238 2604 351 2668 beull
374 2603 446 2676 502,
469 2604 562 2665 Taciti
584 2605 659 2666 dnn.
677 2603 744 2665 Xlll
769 2605 816 2665 ll.
851 2604 983 2667 Caesaris
999 2604 1030 2666 B.
1048 2603 1082 2665 G.
1097 2603 1110 2663 l
1128 2603 1177 2665 15.
1205 2604 1237 2666 V.
1258 2602 1309 2668 38.

167 2708 199 2767 Β.
217 2706 246 2767 C.
263 2705 289 2765 ll
305 2703 355 2765 37.

251 2803 377 2880 Pergere
405 2820 542 2882 possum:
572 2800 736 2885 genitivum
764 2801 906 2880 pluralem
935 2803 1046 2863 rollum
1072 2799 1148 2876 (Hal.
1171 2799 1244 2878 100)
1272 2799 1309 2864 ab

167 2902 214 2964 his
237 2901 333 2981 poetis
357 2899 494 2962 omnibus
517 2899 747 2972 esse-alienum,
772 2901 942 2962 denuntiare
963 2899 1087 2961 verbum
1104 2899 1180 2974 (Hal.
1196 2898 1250 2975 60)
1274 2898 1310 2963 ab

167 2999 281 3060 Ovidic.
319 2999 376 3060 Sed
393 2998 449 3059 hoc
470 2998 533 3077 ipso
549 2997 637 3059 verbo
659 2997 769 3060 invitor
784 3007 817 3060 ut
840 2998 875 3061 ad
898 2997 1081 3060 imitationes
1103 2998 1192 3061 etiam
1208 2998 1309 3079 plures

168 3096 376 3159 monstrandas
413 3103 562 3160 transeam
599 3095 734 3174 qualibus
771 3103 886 3159 scatere
923 3114 1043 3160 carmen
1077 3096 1184 3160 vidisti.
1234 3097 1309 3161 Nam

167 3215 271 3260 versus
294 3197 352 3257 6οε

387 3307 479 3369 dctus
502 3323 572 3386 aper
594 3306 684 3367 saetis
707 3305 781 3367 iram
804 3305 960 3367 denuntiat
982 3304 1068 3367 hirtis

168 3438 246 3510 (cccc
268 3452 338 3516 aper
359 3433 434 3513 pelle
456 3450 509 3494 sua
537 3431 610 3493 iram
633 3429 812 3493 denuntians
823 3429 843 3505 l)
867 3430 1089 3493 consarcinatus
1112 3438 1159 3492 est
1181 3449 1215 3493 ex
1239 3429 1309 3492 Ovi-

167 3533 260 3593 dianis
289 3536 373 3595 sortis
395 3532 476 3594 lor'rto's
498 3529 565 3591 blot.
586 3528 653 3589 Xlll
676 3529 736 3589 850
761 3537 791 3590 et
820 3547 855 3591 ex
881 3530 1052 3610 Vergilianis
1081 3531 1228 3593 donomiot
1249 3530 1310 3592 irtta

168 3630 237 3690 den.
253 3629 378 3691 111366.
423 3630 497 3691 Item
521 3645 624 3689 versus
648 3626 704 3688 56:

368 3751 581 3833 Concussitque
602 3759 685 3815 toros
708 3760 738 3814 et
761 3752 872 3815 viribus
895 3753 1007 3816 addidit
1029 3752 1103 3815 iram

167 3881 288 3944 alterius
310 3879 403 3961 partis
424 3899 518 3942 sonus
541 3881 703 3944 Ovidianus
726 3891 790 3944 esto
814 3880 862 3957 (cl.
887 3902 976 3963 supra
997 3883 1084 3964 pb),
1107 3881 1217 3963 prioris
1240 3899 1309 3944 vero

165 3979 400 4060 praeclarissima
415 3978 577 4056 Vergiliana
600 3979 734 4054 imitatio,
764 3980 872 4059 legitur
894 3982 973 4042 enim
987 3981 1061 4044 Aen.
1077 3980 1129 4041 Xll
1145 4000 1171 4044 v.
1189 3980 1223 4040 7:
1247 3980 1310 4041 Em·

167 4083 274 4142 cotr'orts
302 4080 408 4140 cornice
437 4087 522 4139 toros.
566 4076 638 4137 ltem
661 4081 736 4138 viros
758 4078 878 4139 nocendi
900 4078 974 4152 (llal.
990 4078 1044 4154 43)
1068 4095 1130 4139 non
1160 4094 1239 4138 unus
1261 4075 1310 4139 hic

166 4186 252 4258 poeta
276 4196 312 4239 er
335 4175 437 4237 Ovidio
460 4174 585 4254 arripuit
609 4173 687 4245 (Met.
704 4174 753 4235 Vll
769 4175 854 4256 417),
882 4176 958 4238 sicut
980 4175 1068 4237 etiam
1091 4185 1168 4237 ortes
1189 4174 1312 4237 rotrodi

166 4276 232 4338 illae
259 4274 365 4355 Vergili
393 4273 478 4354 (den.
501 4272 551 4335 Vll
572 4269 646 4350 338)
676 4271 840 4334 imitatores
867 4291 938 4335 suos
965 4272 1114 4334 videbant.
1163 4272 1307 4351 Vergilius

167 4375 265 4436 avium
296 4373 382 4437 nidos
416 4373 515 4435 dulces
549 4361 702 4434 vocavcr'at
725 4370 978 4451 (Georg.1414);
1010 4370 1138 4452 piscium
1171 4370 1307 4454 scriptori
