2962 5010
534 274 860 375 '-rss-

170 489 429 568 interpolationem
452 489 551 568 potius
574 489 796 568 deprehendere
826 509 879 568 ego
908 497 937 551 et
961 489 1192 551 vetustissimam
1215 498 1245 550 et
1268 490 1311 551 ri-

169 589 311 649 lissimam
328 588 434 649 videor.
473 588 546 648 Nam
562 589 606 649 vel
628 587 699 649 illud
716 598 836 669 optoque
849 593 936 650 remis
956 588 1137 649 inertissime
1152 588 1311 651 addidisset

169 687 297 767 scriptor
319 687 354 747 ad
378 686 561 748 nominatam
584 687 721 767 paludem
746 687 849 767 ipsam.
894 686 998 767 Neque
1021 687 1128 749 sterilis
1151 688 1230 760 diu,
1258 688 1310 749 sed

171 803 321 865 semper
344 786 426 866 palus
449 786 514 865 ipsa
538 786 661 848 dicenda
684 786 763 858 suit,
787 806 841 847 neo
864 787 945 848 laeile
967 787 1078 848 sentire
1100 796 1231 848 aratrum
1254 789 1310 849 diei

170 886 254 965 palus
277 887 338 965 ipsa
361 892 485 964 poterat.
529 886 622 964 igitur
642 894 712 947 ante
734 884 871 947 Serrium
895 905 951 966 qua
974 894 1070 948 aetate
1094 887 1161 948 vitia
1184 887 1311 967 plurima

170 987 201 1045 in
224 985 345 1046 Horatio
367 985 488 1046 suborta
512 998 584 1047 sunt
610 986 807 1067 interpolator
828 987 965 1066 paludem
990 987 1179 1067 Pomptinam
1203 986 1310 1048 clarius

169 1084 353 1145 indicandam
378 1084 461 1145 duxit
482 1102 549 1147 cum
573 1081 635 1147 lere
658 1085 703 1146 bis
725 1084 831 1146 similia
853 1085 1030 1148 invenisset:

371 1233 514 1295 sterilisve
537 1235 586 1296 diu
610 1234 711 1314 glaeba
732 1241 858 1314 aptaque
880 1235 972 1296 remis

269 1332 384 1395 Vicinas
408 1332 489 1395 urbis
512 1333 564 1395 alit
586 1344 616 1395 et
638 1352 726 1411 grave
748 1333 839 1395 sentit
860 1341 1001 1397 aratrum.

170 1481 270 1560 lpsum
294 1499 363 1541 vero
385 1484 459 1561 repis
481 1497 550 1562 opus
570 1487 603 1541 ut
626 1480 662 1541 de
686 1480 752 1541 divo
774 1479 848 1542 lulio
877 1480 986 1543 dictum
1011 1482 1059 1556 sit,
1089 1490 1190 1543 umen
1213 1481 1310 1542 induci

169 1599 205 1639 eo
228 1578 360 1658 potuisse
383 1579 472 1640 etiam
488 1580 654 1659 Augustum
678 1595 740 1639 nou
763 1580 948 1658 negaverim3
971 1598 1099 1660 namque
1115 1581 1241 1659 Augusti
1262 1580 1311 1640 illa

170 1679 206 1738 de
230 1678 349 1739 Horatio
372 1678 406 1740 ad
431 1677 645 1739 Maecenatem:
681 1674 775 1740 Veniet
803 1696 869 1758 erpo
899 1679 935 1740 ob
963 1682 1019 1740 istu
1036 1685 1193 1760 pornaittco
1213 1698 1312 1742 mensu

170 1780 211 1839 ud
240 1778 313 1840 bunc
345 1782 452 1858 reptant
485 1776 576 1857 (apud
599 1778 776 1840 Suetonium
799 1778 882 1839 netu.
905 1796 934 1858 p.
959 1779 1012 1855 45)
1045 1786 1149 1860 parum
1182 1779 1313 1860 respexit

168 1877 371 1939 Mommseuus
393 1877 424 1936 in
449 1876 551 1938 lloem.
568 1876 751 1938 Staatsreeht
765 1876 804 1937 112
820 1896 848 1956 p.
865 1876 936 1937 741.

254 1977 465 2038 Gratissimum
498 1984 597 2037 autem
630 1975 701 2036 illud
736 1994 854 2056 quoque
887 1994 952 2036 esse
986 1977 1133 2038 existumo
1162 1977 1240 2056 qnod
1275 1976 1335 2051 dov

170 2076 290 2138 Terenti
329 2075 430 2138 Scauri
464 2073 687 2137 commentariis
718 2081 844 2136 constat.
901 2074 1004 2154 Neque
1036 2073 1114 2156 enirn
1149 2075 1312 2154 speciosior

169 2194 257 2256 quam
281 2175 375 2236 verior
391 2173 619 2252 Zangemeisteri
643 2172 690 2234 illa
713 2172 881 2234 coniectura
904 2185 950 2233 est
966 2173 1020 2249 (De
1034 2170 1105 2233 llor.
1123 2190 1183 2233 too.
1201 2173 1308 2253 singul.

168 2295 196 2356 p.
205 2275 246 2335 40
254 2276 332 2354 sqq.)
349 2290 408 2353 qua
423 2272 602 2333 admirabilis
615 2272 734 2352 quidam
749 2271 861 2333 Charisi
877 2272 1052 2354 explanatur
1066 2272 1148 2333 locus
1164 2290 1190 2351 p.
1202 2269 1308 2332 autu:

164 2375 364 2453 -,‚tnspurtter“
385 2371 523 2432 Horatius
544 2371 738 2450 epistolarum,
759 2371 907 2441 „omnbus
928 2374 1078 2452 impariter
1098 2374 1239 2444 tunrtts“,
1263 2372 1313 2433 udi

171 2471 205 2543 Q.
231 2470 375 2534 Terentius
397 2469 525 2532 Scourrto
556 2473 587 2531 in
609 2473 818 2532 commentariis
849 2473 883 2530 r‘n
914 2480 1004 2530 ortem
1025 2473 1164 2549 poeticum
1186 2468 1310 2531 trtrox

169 2571 373 2645 „crearetur
396 2571 486 2650 r'nqrn'l
506 2559 697 2650 „fipurnet't⁴‘;
730 2552 801 2630 nam
836 2569 861 2630 si
889 2569 993 2629 Scauri
1025 2568 1308 2630 commentariorum

168 2654 396 2733 lloratianorum
421 2669 494 2730 duos
516 2666 608 2731 libros
631 2668 666 2730 ad
689 2684 842 2730 sermones
866 2668 1048 2748 pertinuisse
1070 2669 1119 2745 (et.
1144 2668 1253 2749 Porph.
1280 2676 1309 2731 et

167 2770 331 2831 Cornment.
350 2768 471 2850 Cruquii
487 2768 522 2829 ad
539 2769 599 2830 Sat.
615 2768 640 2827 ll
656 2769 685 2840 5,
703 2767 921 2842 eustanum,
943 2768 1123 2846 singularem
1139 2768 1175 2829 ad
1192 2768 1309 2848 epodon

166 2868 286 2939 librum,
320 2876 462 2948 quattuor
496 2867 531 2928 ad
559 2867 698 2937 carmina,
733 2867 808 2927 duos
831 2866 865 2927 ad
891 2867 1040 2946 epistulas,
1075 2868 1133 2928 iam
1156 2866 1191 2927 ad
1216 2877 1307 2928 artem

167 2969 314 3047 poeticam
338 2968 389 3047 qui
405 2966 534 3046 scriptus
549 2966 605 3027 fuit
621 2973 651 3026 et
667 2965 799 3026 decimus
812 2965 869 3025 fuit
884 2971 914 3024 et
929 2965 1060 3026 ultimus.
1092 2966 1192 3045 ltaque
1208 2984 1244 3026 ex
1266 2965 1308 3026 eis

166 3085 240 3146 quae
247 3067 284 3127 ad
294 3084 349 3127 nos
358 3062 579 3126 descenderunt
588 3064 689 3124 Horati
699 3062 914 3142 exemplaribus
927 3064 957 3123 in
967 3063 1074 3143 quibus
1082 3063 1118 3125 ab
1127 3064 1231 3125 ultimo
1244 3065 1308 3125 loco

166 3166 221 3225 Ars
233 3171 345 3226 remota
359 3172 404 3225 est
427 3164 463 3225 de
476 3163 537 3242 ipsa
551 3162 664 3242 origiue
677 3163 753 3223 Artis
773 3171 802 3223 et
814 3161 945 3223 editione
957 3163 1015 3223 iam
1027 3163 1113 3242 plane
1127 3163 1200 3223 nihil
1213 3163 1308 3243 colligi

166 3265 241 3325 licet.
287 3262 398 3337 Quodsi
423 3282 455 3325 ea
479 3262 582 3324 ultimo
605 3263 669 3323 loco
692 3270 826 3343 tempore
848 3252 988 3323 lladriaui
1010 3259 1187 3334 habebatur,
1210 3264 1307 3342 specie

167 3364 191 3424 si
205 3363 302 3424 minus
318 3361 435 3435 illustri,
452 3370 481 3423 at
493 3359 637 3424 sublustri
650 3363 752 3423 saltem
769 3382 802 3423 eo
819 3361 964 3423 trahimur
976 3367 1010 3422 ut
1023 3361 1110 3423 etiam
1124 3361 1230 3423 editam
1243 3380 1306 3423 eam

166 3463 229 3522 loco
253 3461 355 3524 ultimo
377 3470 527 3542 putemus.
563 3462 714 3524 Praeterea
730 3460 786 3521 hoc
812 3461 944 3522 adverte:
969 3460 1117 3522 Charisius
1140 3461 1218 3522 euim
1246 3479 1307 3524 non

165 3561 270 3621 refert:
301 3561 440 3623 Horatius
462 3561 538 3623 Artis
562 3565 697 3640 poeticae,
726 3561 777 3622 sed
805 3559 941 3623 Horatius
963 3561 1175 3639 Epistularum,
1209 3561 1307 3640 itaque

166 3660 252 3720 etiam
282 3659 368 3720 talem
394 3658 493 3721 llorati
521 3658 680 3721 editionem
707 3678 831 3739 eamque
853 3666 919 3739 post
943 3658 1097 3733 Scaurum,
1125 3668 1157 3720 ut
1181 3659 1305 3733 videtur,

167 3756 314 3818 exstitisse
338 3758 414 3818 clare
430 3759 585 3836 cognoscis
602 3759 633 3818 in
657 3777 713 3839 qua
737 3778 803 3819 cum
826 3759 889 3838 ipsa
906 3758 981 3820 Artis
995 3758 1148 3838 inscriptio
1171 3767 1222 3820 aut
1245 3777 1306 3821 non

165 3858 314 3935 legeretur
340 3864 390 3917 aut
413 3874 474 3917 nou
497 3857 694 3937 respiceretur
716 3875 777 3918 non
801 3858 876 3919 duos
899 3858 988 3918 libros
1011 3857 1170 3937 antiquitas
1194 3857 1306 3919 terebat

165 3955 364 4036 Epistularum
378 3953 490 4032 Horati,
504 3955 554 4015 sed
566 3963 638 4016 tres.
666 3956 814 4017 Charisius
828 3966 925 4017 autem
939 3957 1082 4017 lectiones
1094 3956 1167 4018 duas
1179 3957 1305 4017 diversas

166 4053 333 4126 coniunxit3
366 4053 398 4112 in
431 4053 519 4114 altera
547 4057 697 4134 impariter
723 4054 896 4116 adverbium
927 4055 1073 4116 citabatur
1103 4075 1137 4115 ex
1165 4055 1305 4135 Epistulis

167 4151 234 4224 (hoc
257 4161 302 4213 est
325 4171 359 4213 ex
375 4150 575 4231 Epistularum
598 4153 715 4228 tertiolt
740 4153 861 4214 alteram
878 4172 946 4214 vero
969 4173 1036 4214 eum
1059 4173 1093 4214 ex
1118 4154 1227 4215 Scarrro
1243 4154 1306 4214 adi-

166 4261 245 4313 ceret
267 4251 318 4313 ubi
334 4251 557 4331 inscriptionem
574 4253 651 4313 Artis
666 4252 702 4313 ab
726 4252 772 4314 illa
788 4252 989 4332 Epistularum
1013 4253 1158 4314 diversam
1180 4253 1305 4326 ridebat,

165 4352 224 4412 iam
239 4351 405 4413 necessario
427 4351 548 4430 plenum
565 4351 734 4413 Terentiam
757 4352 855 4432 operis
877 4351 996 4412 titulum
1021 4352 1187 4432 adponebat
1208 4352 1303 4414 hunc:

166 4449 292 4511 Scaurus
307 4454 339 4510 in
354 4455 562 4513 commentariis
582 4456 613 4513 in
636 4462 726 4513 ortem
736 4455 873 4531 poeticum
890 4451 962 4513 libro
979 4450 1014 4512 X.
1052 4452 1153 4532 Neque
1168 4452 1213 4514 vel
1232 4450 1303 4513 illud
