2962 5010
582 324 799 391 ..gp-

125 503 237 565 nicht
258 500 321 580 gar
347 500 448 563 alles
466 520 520 565 aus
544 501 663 582 eigener
679 499 889 584 Beobachtung
911 506 1065 587 geschdpft
1088 540 1128 553 -
1152 508 1265 571 cautius

122 601 316 663 scribendum
334 601 506 663 doctissimo
528 600 592 663 viro
613 602 731 664 fuissett
756 603 847 665 doch
866 621 927 682 gar
949 605 1073 668 nichts
1097 626 1149 670 aus
1164 609 1266 687 eigner

124 700 337 780 Beobachtung
362 701 523 780 geschopft.
564 700 660 763 Simul
681 710 781 762 tamen
802 701 989 782 inquiremus
1011 705 1043 767 in
1057 705 1265 768 collectaneam

124 799 200 860 Plini
224 801 259 862 de
280 799 411 880 piscibus
435 799 610 872 doctrinam,
639 797 700 861 non
721 807 756 861 ut
780 809 842 862 tota
863 801 912 863 illa
935 803 972 863 de
995 802 1070 863 Plini
1097 804 1266 866 auctoribus

124 899 299 978 quaestione
326 897 496 960 difficillima
522 904 553 959 et
573 897 754 960 doctioribus
775 907 842 979 apta
871 900 1063 972 intricamur,
1091 903 1142 964 sed
1166 910 1200 963 ut
1226 920 1265 964 ne

125 998 379 1075 praetermittatur
409 997 435 1058 si
465 996 518 1077 qui
543 993 659 1058 fructus
692 997 761 1059 inde
789 999 828 1060 ad
855 1009 989 1063 nostram
1017 1019 1082 1066 rem
1099 1001 1265 1081 pertinens

125 1094 190 1175 capi
210 1095 329 1175 poterit.

208 1193 302 1254 Antea
331 1211 401 1254 vero
429 1192 683 1257 observatiuucula
716 1194 756 1257 de
778 1194 859 1259 Grati
888 1195 1072 1276 cynegeticis
1103 1197 1265 1271 inseratur3

126 1310 195 1353 nam
222 1291 316 1352 simile
344 1309 447 1353 eorum
478 1297 685 1370 argumentum
707 1292 888 1367 metientes,
911 1310 1090 1374 quamquam
1112 1296 1264 1373 ingenium

125 1391 182 1451 hoc
215 1390 327 1453 cultum
356 1397 385 1450 et
411 1389 531 1451 liberale
559 1398 588 1451 et
614 1391 650 1455 de
682 1392 798 1470 poetico
835 1411 972 1457 sermone
1001 1393 1079 1456 bene
1116 1393 1265 1457 meritum.

125 1488 220 1565 Quem
235 1495 336 1551 umen
359 1486 422 1549 sine
443 1489 577 1569 exemplo
592 1508 656 1551 rem
676 1508 759 1553 suam
779 1491 953 1570 adgressum
969 1492 1087 1554 credere
1108 1490 1267 1564 dubitabis,

125 1582 194 1648 licet
220 1604 282 1647 non
310 1586 388 1647 adsit
417 1586 495 1665 quod
522 1605 685 1667 compares.
730 1589 791 1650 lam
818 1609 888 1652 vero
912 1591 990 1670 apud
1017 1590 1209 1675 Plutarchum
1234 1589 1267 1651 in

125 1683 244 1746 Erotioo
261 1702 322 1764 cap.
342 1683 380 1743 14
402 1683 601 1765 fragmentum
625 1687 740 1766 epicum
757 1687 915 1767 ,scriptoris
938 1688 1140 1750 nominc-uon
1167 1687 1265 1749 addito

127 1783 280 1846 exhibetur
303 1783 432 1845 notabile
454 1791 484 1845 et
506 1782 627 1865 quidem
653 1785 805 1847 inducitur
825 1785 883 1848 ita:
911 1780 996 1846 ἀλλὰ
1018 1781 1184 1867 δορκάδας
1206 1782 1267 1866 μὲν

126 1877 309 1963 θηρεύουσι
339 1878 394 1943 καὶ
420 1879 570 1958 λαγωούς
600 1880 656 1945 καὶ
685 1879 828 1966 ἐλάφους
853 1877 1028 1966 ἀγρότερός
1055 1905 1105 1956 τις
1129 1897 1267 1946 συνεπι-

126 1975 277 2041 θοιόσσει
293 1976 348 2041 καὶ
364 1977 549 2063 συνεξορμᾷ
560 1972 658 2055 θεός·
686 1977 837 2060 εὔχονται
852 1977 886 2044 δ’
904 1977 1083 2066 Ἀρισταίῳ
1095 1977 1268 2055 δολοῦντες

126 2072 289 2162 ὀρύγμασι
312 2075 367 2138 καὶ
390 2073 524 2159 βρόχοις
545 2074 662 2153 λόκους
685 2079 741 2141 ιιαὶ
764 2075 902 2164 ἄρκτους
949 2072 953 2081 ¹

225 2172 262 2249 ὃς
284 2174 414 2258 πρῶτος
435 2173 600 2259 θήρεσσιν
621 2174 721 2260 ἔπηξε
743 2172 923 2260 ποδάγρας.
1043 2194 1046 2198 ·

124 2272 300 2338 llexameter
325 2292 449 2338 mancus
472 2282 531 2352 est3
552 2279 677 2359 insuper
697 2276 885 2340 intolerabile
911 2274 1122 2358 amphibrachy
1144 2276 1267 2340 verbum

125 2373 202 2437 circa
223 2372 331 2454 pedem
352 2375 500 2454 quintum.
542 2374 659 2437 Nullam
685 2383 793 2451 autom*
811 2374 941 2455 speciem
961 2375 1024 2448 veri
1050 2388 1269 2457 consequemur

125 2480 292 2536 resecantes
319 2482 510 2552 augmentum
530 2473 620 2535 veluti
646 2473 680 2535 0.
703 2472 903 2536 Schneiderus
924 2472 1091 2547 callimach.
1115 2472 1141 2537 Π
1162 2475 1266 2554 fragm.

127 2589 217 2634 anon.
241 2570 303 2632 379
332 2570 486 2651 temptavit
512 2562 624 2644 ὅλοιιὶς
653 2569 736 2655 πῆξε
762 2568 947 2655 ποδάγρας,
971 2572 1037 2634 sed'
1054 2581 1155 2652 aperte
1185 2592 1267 2637 com·

126 2668 257 2750 positum
273 2669 397 2732 verbum
411 2668 513 2731 fuerat
523 2676 574 2747 aut
589 2667 751 2752 ιιαιένιηξε
772 2677 822 2733 aut
836 2670 943 2732 melius
959 2664 1130 2753 συνέπηξε
1161 2672 1221 2733 lam
1236 2671 1268 2733 in

125 2769 281 2849 parvulum
303 2769 382 2848 quod
403 2775 540 2849 superest
562 2766 689 2849 spatium
712 2784 787 2848 quac
802 2774 869 2848 apte
883 2768 1074 2830 immittantur
1089 2787 1150 2831 non
1166 2767 1268 2831 multi-

126 2866 200 2930 faria
227 2875 324 2930 erunt.
366 2868 425 2930 Sed
449 2866 530 2929 enim
552 2885 676 2955 sensum
703 2867 862 2930 consulens
885 2867 955 2946 quid
975 2866 1043 2928 addi
1067 2875 1118 2929 aut
1137 2866 1269 2946 potuerit

127 2975 177 3030 aut
197 2968 333 3031 debuerit
354 2968 427 3028 nihil
448 2966 546 3047 aptius
573 2965 694 3028 invenio
717 2964 774 3047 nisi
800 2965 871 3027 hoc:
900 2965 1050 3027 Aristaeus
1068 2965 1128 3050 ¹qui
1151 2965 1268 3049 primus

125 3065 229 3128 bestiis
249 3067 365 3146 pedicas
386 3066 544 3128 fabricatus
569 3083 610 3126 ex
635 3064 701 3125 hac
725 3063 783 3124 vel
809 3062 873 3124 illa
899 3062 1058 3125 materia
1085 3068 1145 3145 est;
1169 3063 1269 3143 itaque

126 3164 206 3227 credi
227 3183 298 3227 sane
318 3170 418 3246 potest
437 3164 581 3243 scriptum
601 3162 710 3223 fuisse:

211 3258 248 3336 ὃς
270 3263 400 3345 πρῶτος
422 3258 567 3344 θήρεσσι
589 3257 689 3343 δρυός
710 3257 873 3343 συνέπηξε
892 3255 1080 3343 ποόόγρας;

128 3361 176 3436 (cf.
217 3356 412 3445 δρυοπαγής
445 3360 620 3424 adiectivum
657 3357 735 3438 apud
772 3357 950 3438 Sophoclem
986 3357 1089 3438 fragm.
1116 3353 1179 3418 634
1204 3356 1269 3432 Ν.);

126 3460 291 3541 muscosa
324 3460 404 3523 onim
435 3468 465 3522 et
490 3455 654 3542 δρυοσσυν
682 3463 744 3520 mm
770 3456 876 3519 similia
901 3457 980 3519 inter
1010 3475 1043 3518 se
1071 3463 1106 3518 ut
1133 3455 1270 3517 facillime

126 3557 302 3620 alterutrum
323 3558 518 3639 praetermitti
537 3557 676 3638 potuerit

212 3655 315 3735 ltaque
334 3657 535 3736 fragmentum
549 3657 608 3718 hoc
622 3655 674 3718 ubi
687 3654 851 3717 exstistcrit
870 3661 948 3717 certa
963 3652 1085 3733 quidem
1100 3651 1270 3714 coniectura
1330 3715 1333 3720 ,

129 3751 186 3813 dici
209 3753 330 3832 nequit3
356 3755 423 3833 quis
449 3754 529 3817 enim
552 3754 680 3834 exempli
698 3754 791 3832 gratia
812 3753 838 3814 si
858 3750 962 3832 legerit
980 3751 1057 3831 apud
1078 3749 1268 3811 Eustathium

126 3870 156 3931 p.
174 3852 254 3914 1057
270 3853 290 3914 l.
306 3853 326 3912 4
341 3852 428 3913 haec:
520 3850 556 3917 όν
581 3847 718 3934 ποιήσει
744 3849 782 3915 τό
810 3837 906 3923 οόλος
931 3844 953 3913 ό
974 3843 1133 3930 ὀλέθριος
1152 3838 1191 3909 οὗ
1211 3842 1270 3908 σό-

127 3951 230 4013 θετον
249 3948 286 4012 cd
303 3943 481 4031 οόλοβόρος
496 3947 575 4026 ἔχις,
600 3947 682 4023 οἷον,
705 3948 744 4011 ελ
758 3946 911 4029 ἔτυμον
925 3944 969 4009 τὸ
985 3940 1271 4027 ιιγνμόροιιναν

128 4044 197 4110 σόν
233 4042 486 4132 οὐλοβόροις
525 4045 692 4124 λγέισσι
727 4044 991 4127 θόρνυσθαι,
1026 4038 1129 4124 ἤγουν
1166 4056 1270 4119 σπερ-

127 4148 281 4226 μαίνειν,
308 4141 416 4229 θορόν
442 4145 622 4224 δέχεσθαι,
653 4142 944 4225 προλιποῦσαν
964 4135 1062 4210 οἱλός
1092 4133 1271 4218 νομόν-

127 4243 194 4325 quis
215 4263 277 4307 uon
297 4245 420 4326 inquam
445 4244 593 4307 halieutici
614 4241 734 4305 alicuius
759 4240 827 4303 libri
848 4241 1048 4318 fragmentum
1076 4232 1269 4297 odorabitur?

123 4343 180 4405 ‘sed
200 4342 348 4407 Theriacis
375 4343 501 4407 debetur
520 4342 660 4406 Nicandri
682 4359 709 4403 v.
726 4339 844 4421 snssq.
867 4338 918 4418 tet.
938 4334 1080 4401 Athenaei
1101 4352 1130 4413 p.
1152 4332 1215 4394 312
1230 4333 1270 4409 ὓς

127 4439 538 4524 0.SchneideriNic.p.149;
551 4435 745 4524 οὐλοβόροις
756 4447 854 4505 autem
866 4455 952 4503 secus
963 4426 1106 4519 explicare
1118 4430 1270 4523 dissuadet

230 4524 235 4541 .
1075 4534 1110 4590 5*
