2962 5010
623 302 850 371 uae-

168 490 208 550 ita
238 487 349 548 referre
380 492 415 546 ut
447 483 623 547 tabellarum
648 488 762 564 spinum
786 480 900 546 vbabere
913 525 915 528 >
930 479 1061 546 anthiam
1093 479 1184 546 dicat?
1224 483 1310 546 Unde

168 588 244 649 banc
274 582 399 648 vocem?
437 584 606 645 Memoritcr
627 599 661 644 ca
693 583 787 662 repeti
803 599 853 643 'ex
884 582 1016 645 eiusdem
1041 579 1159 644 vniat
1183 581 1310 644 ridetur

168 694 272 765 estque
305 684 335 745 id
367 683 451 762 quasi
477 683 584 762 pignus
609 689 689 743 recte
714 682 771 743 hcc
800 698 920 762 queque
945 682 1011 741 loce
1041 680 1074 740 in
1100 680 1214 759 optimc
1247 697 1309 741 unc

168 783 359 845 Riccardianc
379 781 473 843 tradi:
497 780 716 859 (delphinorum
733 781 834 857 dorso)
857 779 1003 843 cultellata
1024 783 1096 856 incar
1112 782 1198 858 spine
1217 777 1311 856 (velut

165 882 245 944 infra
268 881 372 942 etiam:
395 880 494 942 οίοανι
512 879 568 941 illc
587 889 685 941 serunt
700 880 806 958 spine).
1183 935 1186 939 .

253 979 404 1059 Oppianus
432 978 469 1039 de
498 995 581 1039 scaro
609 975 795 1041 nobilissime
824 976 905 1055 pisce
933 957 1055 1039 uberibr
1081 983 1126 1040 est
1148 984 1310 1055 narratque

168 1077 297 1158 primum
318 1094 478 1138 commune
499 1074 601 1136 scaris
609 1073 708 1137 hami
735 1074 885 1154 effugium,
912 1075 1025 1137 deinde
1040 1075 1076 1138 ad
1096 1080 1159 1137 rete
1183 1072 1310 1145 transit3

166 1177 274 1240 latinus
289 1183 376 1289 pecta
390 1176 463 1237 baec
477 1173 602 1253 recepit,
620 1173 669 1237 illa
683 1173 809 1235 omisit.
830 1173 933 1253 Itaque
949 1172 1101 1253 Oppianus
1117 1171 1153 1233 lV
1171 1169 1213 1233 ta
1223 1186 1308 1250 susp:

267 1269 352 1336 eiius
377 1269 438 1352 γὰρ
464 1270 502 1344 ἐς
528 1268 684 1355 κύρτοτο
711 1273 809 1355 πέσῃ
836 1267 952 1349 λόχον
977 1268 1091 1343 αἰόλος
1118 1268 1243 1347 ἰχθῦς

268 1366 373 1433 αὐτίκ’
396 1362 597 1454 ἕπεφροίσθη
623 1392 673 1432 τι
685 1368 740 1432 καὶ
766 1367 901 1432 ἐκδῦναι
927 1361 1105 1452 κακότητος

268 1468 438 1550 πειρᾶται,
464 1469 611 1590 τρέψας
633 1465 675 1529 δὲ
701 1487 804 1530 κατα
828 1463 973 1550 nepetae
993 1489 1029 1532 rs
1050 1469 1107 1531 καὶ
1129 1467 1210 1535 ὄσσε

269 1563 446 1648 ἔμπαλιν
468 1567 524 1639 οἷς
547 1561 661 1649 οὗρην
684 1563 879 1649 ἄνανήχεται
903 1569 1014 1649 ἕρκος
1035 1563 1219 1649 ἀμείβων.

268 1667 410 1748 ταρβεῖ
431 1663 493 1748 γὰρ
516 1666 699 1744 σχοίνους
721 1659 901 1747 ταναηκέας
926 1669 964 1726 al
988 1662 1142 1748 ποίεοῖρο

268 1759 619 1847 ἀμφιπερτφρίσσοοσι
645 1761 701 1824 καὶ
728 1757 923 1835 οὗτοίζοοσιν
945 1753 1114 1838 ὄπωπας
1217 1808 1220 1815 ·

269 1857 408 1924 ἀντίον
430 1855 672 1944 ἐρχομένοιο.

170 1960 251 2032 Quae
273 1961 314 2022 ita
335 1960 426 2022 latine
448 1959 561 2039 scripta
579 1967 650 2023 sunt
664 1979 691 2021 r.
708 1959 822 2054 9sqq.·

470 2056 518 2119 Sic
541 2066 571 2119 et
593 2077 721 2122 scarus
743 2066 805 2120 autc
828 2056 883 2124 sub
907 2056 994 2120 undis

193 2224 195 2230 y
269 2156 299 2217 Si
322 2158 445 2233 n[assa
469 2165 571 2235 captus
594 2155 630 2218 de
653 2175 714 2238 spe,
736 2157 865 2235 piscator
887 2162 917 2216 et
938 2154 1023 2235 ipse]

267 2254 380 2315 Decidit
402 2255 594 2334 adsutantque
618 2256 685 2317 dolo
707 2256 827 2319 tandem
849 2263 937 2337 pavet
958 2273 1066 2329 escam,

269 2352 294 2412 N
305 2370 351 2412 cn
375 2350 489 2414 audet
509 2351 624 2415 radiis
647 2354 780 2416 obnixa
802 2372 999 2418 occurrere
1023 2352 1165 2423 fronte,

268 2451 433 2512 Aversus
457 2450 589 2513 crebre
612 2453 728 2514 vimen
750 2452 801 2513 sed
825 2450 947 2518 verbere
969 2443 1102 2512 cauda'c'

267 2548 380 2611 Laxans
404 2551 647 2631 subsequitur
668 2557 827 2630 tutumque
850 2549 946 2612 eradit
967 2546 1140 2628 insequar.

166 2648 271 2726 ltaque
302 2667 361 2710 nen
392 2649 476 2711 sent
508 2650 587 2710 idern
621 2649 701 2730 quod
735 2649 867 2731 ταρβεΐ,·
909 2655 1037 2724 σχοῖνοι
1066 2645 1172 2735 radic*
1195 2636 1310 2708 οἷντίον

168 2743 327 2829 ἔρχεσθαι
344 2749 450 2810 obnisa
472 2766 620 2811 occurrere
638 2748 748 2828 [νοντα
769 2747 894 2832 τρέψας
914 2741 952 2806 δὲ
972 2740 1059 2835 καίτοι
1082 2759 1216 2816 carrus:
1239 2761 1310 2806 cau-

170 2846 236 2907 dam
264 2865 383 2927 qusque
412 2853 558 2909 memorat
590 2846 760 2926 Oppianus,
794 2843 964 2906 verberibus
996 2843 1121 2932 emissis.
1154 2844 1256 2924 ‘igitur
1279 2845 1310 2907 in

168 2945 262 3024 capite
283 2946 451 3007 sentcntiae
469 2952 550 3007 recte
568 2944 658 3006 locari
682 2947 832 3023 sigraecc
856 2943 993 3022 exemplo
1017 2943 1175 3030 prebatur3
1205 2946 1309 3006 ecdem

168 3044 396 3105 commendatur
415 3062 532 3105 naseam
555 3044 647 3106 latere
669 3042 724 3104 sub
739 3042 835 3104 littera
849 3060 880 3127 rt.
921 3040 1059 3103 Desidere
1082 3050 1183 3104 autent
1206 3058 1309 3104 scarus

168 3141 218 3220 qui
248 3149 363 3222 poterat
392 3142 423 3203 in
454 3138 563 3203 nassa?
599 3141 657 3203 Aut
687 3141 762 3203 male
791 3147 964 3220 corruptum
980 3139 1096 3202 ‘decidit
1112 3147 1160 3201 est
1189 3147 1240 3202 ant
1268 3140 1309 3202 ita

168 3240 372 3321 accipiendum
402 3247 436 3301 ut
464 3258 521 3301 nes
551 3239 731 3319 accepimus3
771 3247 834 3300 turn
864 3255 934 3299 uero
964 3238 1001 3299 de
1031 3238 1136 3300 lacuna
1166 3237 1308 3319 explenda

167 3355 228 3400 non
250 3338 341 3400 nimis
363 3345 466 3400 contra
485 3357 534 3399 me
557 3338 748 3418 pugnabitur.
789 3336 998 3399 Duriusculum
1013 3353 1086 3397 sane
1108 3345 1172 3398 crte
1185 3337 1216 3398 in
1231 3354 1258 3397 v.
1272 3333 1308 3412 93

167 3444 269 3498 tamen
296 3437 398 3498 durius
425 3443 504 3498 essct
530 3435 628 3507 etiarn,
657 3435 682 3497 si
704 3435 736 3497 in
757 3455 783 3496 v.
801 3434 840 3495 10
869 3450 970 3497 nessae
999 3434 1144 3496 scriberes
1168 3442 1204 3498 ut
1229 3442 1309 3496 esset

166 3535 366 3614 iungendum:
400 3536 446 3608 „si
470 3543 533 3604 arte
557 3553 661 3597 nassae
678 3537 818 3613 *captust
849 3534 956 3613 duplex
983 3533 1125 3596 ablativus
1150 3533 1187 3595 ad
1214 3532 1308 3613 parti-

168 3635 279 3714 cipium
295 3651 357 3696 non
372 3635 456 3714 peius
471 3633 639 3714 ponebatur
654 3650 741 3711 quam
756 3631 828 3692 illud
842 3642 948 3712 septem
961 3635 1060 3712 spatiis
1073 3631 1195 3697 circcin
1210 3650 1236 3692 r.
1254 3629 1309 3704 68;

167 3751 214 3796 ars
245 3734 442 3798 autemibaec
470 3732 518 3795 illa
550 3730 651 3794 estin
677 3749 734 3809 qua
760 3729 892 3793 laborem
917 3749 1006 3793 suum
1033 3750 1065 3794 se
1090 3740 1203 3810 pcnere
1221 3737 1309 3808 pecta

168 3832 273 3893 clamat
288 3851 314 3891 v.
331 3831 380 3892 82.
418 3829 554 3908 Denique
580 3828 658 3908 quud
684 3827 717 3891 in
732 3847 759 3888 r.
777 3830 814 3889 11
843 3828 970 3892 traditur
996 3828 1161 3907 antiquitus
1187 3828 1309 3891 adsum-

162 3942 270 4009 ptepue
291 3929 364 3999 dole,
388 3928 446 3991 nisi
473 3929 536 3992 dole
560 3928 720 3990 adderetur
740 3927 892 3991 laudarem
911 3927 1121 4013 adtemptatae
1135 3943 1202 3989 esca
1228 3924 1308 3987 enirn

166 4026 239 4090 baec
259 4044 322 4088 ncn
342 4027 420 4100 dolo,
445 4025 498 4088 scd
523 4025 639 4091 incuria
663 4024 846 4102 adsumtae
872 4025 983 4090 accedit
1003 4025 1082 4104 qued
1109 4023 1204 4085 etiam-
1224 4038 1308 4089 scaro

166 4125 277 4188 femina
303 4141 357 4204 pra
384 4143 448 4188 esca
470 4124 641 4204 ‚piscatores
672 4124 849 4189 utebantur:
874 4125 952 4192 banc
977 4124 1067 4186 etiam
1098 4121 1200 4185 minus
1223 4120 1308 4181 delus

166 4223 338 4304 sumpserit.
381 4225 467 4299 Quod
491 4231 589 4286 autem
609 4223 761 4303 ingeniose
782 4222 986 4301 excogitarunt
1019 4219 1205 4305 edsmempuc
1236 4216 1308 4290 bele,

166 4323 301 4385 laudasse
326 4339 373 4383 me
399 4321 486 4385 satis
492 4322 545 4398 sit3
566 4321 662 4385 tutius
683 4320 765 4386 cuim
785 4320 850 4399 ipsc
864 4318 975 4387 mibi
956 4337 1026 4383 risse
1040 4323 1211 4437 praecunte
1218 4314 1308 4381 lllitic

166 4419 277 4487 ridear.
669 4447 672 4453 ·
