2962 5010
510 298 846 363 .-9g..

167 477 279 539 mundo
303 476 357 538 deo
387 475 517 537 siderum
547 494 667 555 quoque
696 475 743 537 dei
771 475 871 537 statim
899 493 959 537 una
988 482 1167 539 tractentur:
1199 477 1314 540 scilicet

167 577 255 637 simul
286 586 312 636 et
338 576 442 637 muudi
466 574 631 637 volubilitas
660 592 731 655 quoe
759 578 817 636 uisi
841 574 1020 654 bt‘gloh'osa
1052 577 1151 656 formo
1174 588 1231 638 csse
1252 594 1313 638 aaa

163 685 256 755 posset
284 685 311 735 et
338 674 490 736 stellarum
525 673 645 734 rotundi
673 674 796 735 ambitus
828 684 1045 754 cognoscantur.
1103 675 1201 754 Atque
1238 675 1313 736 haec

165 773 332 836 rectissime
356 773 541 835 illustrantur
563 791 657 852 usqae
681 772 716 833 ad
739 772 826 834 verba
849 779 866 847 q
889 773 945 835 53:
964 783 1040 835 tum
1063 775 1229 836 antecedens
1250 783 1313 835 tum

165 873 342 953 subsequens.
387 873 488 951 ltaque
523 870 568 931 his
591 870 743 950 ,quoniam
777 872 900 951 qualitas
935 873 1040 934 mundi
1063 863 1163 934 deiin
1194 873 1312 934 forma

166 971 263 1049 posita
292 972 415 1033 tandem
438 969 601 1032 absolvitur
633 970 749 1048 gravior
776 971 809 1031 in
836 971 964 1032 lectione
990 990 1081 1050 parua
1102 971 1232 1032 notanda
1255 979 1312 1032 est.-

166 1069 269 1150 Nequo
286 1071 383 1131 minus
399 1089 435 1130 ex
449 1089 482 1130 re
496 1069 641 1148 proiecto,
665 1069 744 1147 quod
761 1068 821 1129 iam
838 1069 872 1130 ad
895 1069 1032 1130 intimam
1048 1071 1153 1132 mundi
1175 1069 1223 1130 dei
1237 1086 1314 1149 qua·

166 1166 280 1231 litatem
304 1169 420 1247 igneam
444 1167 628 1246 eandemque
650 1167 836 1229 artificiosam
861 1186 936 1247 quae
953 1176 1057 1230 natura
1074 1169 1180 1229 dicitur
1195 1169 1314 1230 Zenone

167 1267 240 1327 duce
263 1250 406 1328 transitur
429 1270 446 1342 ξ
471 1266 565 1345 blsq.
612 1265 714 1345 Neque
746 1265 813 1327 ideo
847 1267 1008 1347 quidquam
1038 1267 1162 1328 omnino
1184 1267 1313 1346 disposi-

166 1365 278 1426 tionem
303 1365 401 1426 turbat
423 1372 543 1444 praeter
557 1364 653 1426 verba
675 1364 798 1425 inmissa
821 1365 852 1426 in
876 1365 1050 1440 acl-56:
1072 1365 1183 1446 quihus
1206 1382 1314 1426 excur-

167 1481 233 1524 rere
256 1463 429 1524 Ciceronem
459 1463 591 1524 videmus
626 1469 661 1525 ut
693 1463 826 1524 siderum
856 1473 992 1526 naturam
1027 1463 1154 1525 divinam
1183 1480 1248 1524 esse
1276 1480 1314 1524 ex

166 1561 261 1640 prima
276 1569 359 1640 parte
381 1561 447 1623 libri
468 1569 597 1641 repetat:
620 1572 696 1641 quae
719 1560 787 1642 qaia
809 1563 897 1624 ctiam
920 1564 993 1643 ipsis
1016 1561 1112 1624 verbis
1133 1567 1315 1641 repetuntur

169 1658 220 1739 (cf.
245 1660 286 1719 54
308 1673 384 1721 ουῐη
399 1660 452 1738 43)
487 1669 587 1722 orator
615 1661 786 1740 agnoscitur
816 1660 974 1724 verborum
1004 1680 1127 1723 suorum
1154 1659 1314 1730 amantior,

168 1767 197 1819 at
213 1777 317 1838 parum
334 1766 454 1822 strenue
469 1759 690 1838 philosophans.
728 1760 816 1840 Atqui
838 1778 904 1841 erpo
927 1760 998 1822 illud
1021 1778 1081 1840 quo
1108 1760 1146 1820 ad
1161 1758 1313 1820 Zenonem

167 1857 337 1936 proceditur
361 1857 400 1918 57
424 1858 495 1937 quid
518 1857 662 1936 significet
685 1856 823 1938 quaeris?
868 1858 1101 1922 Praclormatam
1123 1858 1158 1918 in
1177 1856 1314 1934 exemplo

166 1956 206 2016 ita
228 1955 292 2017 lero
314 1975 378 2017 rem
407 1974 482 2036 quae
510 1963 554 2018 est
577 1957 712 2018 54-56
738 1957 831 2019 fuisse
859 1958 1019 2020 concludo:
1047 1955 1314 2037 „probavimus

168 2054 245 2133 globi
265 2055 393 2117 formam
416 2055 448 2116 in
469 2054 617 2118 sideribus
639 2056 748 2131 valere,
776 2056 867 2120 simul
892 2065 992 2119 autem
1018 2057 1060 2118 ita
1089 2075 1122 2118 ea
1144 2060 1315 2134 comparata

168 2172 245 2227 esse,
274 2161 308 2216 ut
330 2173 362 2215 sc
385 2161 486 2216 mente
508 2154 606 2216 divina
628 2155 761 2235 praedita
785 2174 851 2218 csse
873 2157 1037 2218 declarent:
1066 2155 1145 2236 quod
1167 2153 1245 2215 idem
1268 2151 1314 2213 si-

168 2252 232 2312 mul
265 2252 300 2313 de
334 2260 397 2314 toto
431 2254 544 2314 mundo
579 2254 663 2315 valet.
707 2255 810 2335 ltaque
836 2253 983 2317 mundani
1011 2255 1101 2315 deum
1124 2252 1213 2314 simul
1235 2249 1314 2330 globi

169 2351 349 2430 qualitatem,
372 2352 462 2413 simul
484 2351 644 2413 animantis
667 2360 696 2415 ct
719 2354 839 2432 quidem
862 2353 965 2433 optimi
992 2353 1099 2415 hahere
1121 2369 1209 2431 posse
1230 2348 1313 2429 quod

168 2447 314 2529 Epicurus
330 2450 454 2530 negavit,
478 2450 630 2512 veritatem
646 2469 709 2512 non
724 2451 919 2530 investigavit.
958 2452 1042 2514 Hand
1065 2467 1152 2530 ergo
1169 2464 1315 2521 erravero,

169 2546 194 2608 si
215 2566 237 2608 a
265 2548 400 2628 principe
426 2549 648 2628 investigandae
676 2550 805 2612 veritatis
829 2551 930 2612 Stoico
959 2549 1139 2630 principium
1168 2548 1315 2609 duxero“.

169 2645 303 2726 lienique
319 2650 336 2721 6
352 2647 393 2707 611
409 2647 448 2708 ita
472 2649 603 2728 pergitur
624 2656 658 2709 ut
680 2648 840 2728 qualitas
864 2650 907 2710 vol
931 2657 1036 2711 natura
1058 2649 1183 2713 deorum
1205 2653 1258 2706 aut
1279 2663 1317 2705 ex

169 2763 202 2804 re
224 2745 289 2806 utili
311 2746 508 2808 constituatur
529 2754 563 2807 ut
577 2746 693 2808 Cereris
714 2754 766 2808 aut
788 2766 824 2807 ex
845 2765 878 2807 re
902 2747 953 2820 „in
976 2765 1033 2826 qua
1056 2746 1098 2807 vis
1120 2745 1198 2806 inest
1219 2741 1317 2803 maior

169 2843 285 2922 aliqua“
308 2852 342 2905 ut
357 2843 438 2907 Fidei
453 2864 486 2906 ao
499 2845 623 2907 Virtutis
646 2852 696 2907 aut
716 2864 752 2906 ea
765 2844 895 2924 physicis
909 2843 1087 2915 rationibus,
1111 2861 1184 2923 quas
1206 2840 1316 2920 excipit

170 2940 269 3021 quales
293 2941 340 3003 dei
362 2941 436 3005 falso
458 2943 617 3005 credantur
636 2943 778 3023 epilogus.
794 2976 835 2988 -
858 2943 920 3003 lam
942 2943 973 3003 in
994 2943 1052 3004 hoc
1066 2941 1216 3003 Ciceronis
1238 2939 1314 3002 libro

169 3039 194 3100 si
217 3039 289 3119 quid
312 3040 492 3120 Chrysippus
515 3041 621 3102 docere
643 3041 743 3102 minus
765 3040 861 3120 potuit
885 3039 1043 3103 ostendere
1064 3037 1316 3119 circumspectiori

170 3139 256 3212 ced03
285 3139 378 3200 eidem
402 3139 488 3220 quale
511 3124 678 3219 exemplum
704 3140 805 3201 Cicero
826 3147 948 3201 secutus
971 3139 1010 3200 sit
1031 3138 1185 3219 inquirere
1206 3139 1314 3200 denuo.

169 3237 219 3299 Sic
239 3237 271 3298 in
287 3238 440 3318 Chrysippi
455 3239 576 3300 nomine
598 3257 647 3298 mc
670 3256 824 3318 compono.
862 3238 896 3300 ld
919 3238 1007 3300 modo
1022 3245 1126 3299 teneas
1140 3254 1202 3298 non
1216 3242 1314 3297 totum

168 3337 254 3399 nohis
277 3339 429 3416 cognitum
452 3356 517 3399 esse
533 3337 729 3418 Chrysippum
753 3356 850 3418 neque
873 3354 991 3416 semper
1007 3337 1047 3396 si
1060 3335 1142 3415 quid·
1154 3335 1237 3397 forte·
1254 3341 1316 3395 tra-

170 3435 264 3496 ditum
288 3436 361 3497 alius
378 3436 500 3498 nomine
521 3436 644 3514 legimus
659 3436 725 3497 ideo
739 3436 769 3496 id
784 3436 902 3516 placere
923 3435 1041 3495 illinon
1058 3432 1204 3513 potuisse3
1224 3432 1315 3493 veluti

170 3534 248 3615 quod
271 3531 330 3616 τήν
349 3535 547 3616 οἰκουμένην
569 3536 653 3616 quasi
676 3535 802 3596 insulam
827 3534 1004 3596 circumdari
1025 3534 1063 3594 ab
1079 3533 1196 3594 Oceano
1212 3531 1315 3592 Cicero

169 3633 272 3695 scribit
304 3633 373 3707 165,
408 3633 487 3695 idem
515 3634 676 3694 Posidonio
709 3633 853 3713 placuisse
881 3633 985 3695 Strabo
1020 3632 1103 3694 testis
1136 3632 1174 3692 sit
1205 3629 1316 3706 (llirzel

169 3751 196 3811 p.
217 3731 298 3806 197),
322 3733 374 3793 sed
398 3739 499 3794 contra
515 3731 711 3811 Chrysippum
735 3731 878 3792 nimirum
901 3731 958 3792 hoc
979 3746 1041 3791 non
1055 3729 1150 3790 ‘laniet
1172 3727 1313 3808 quoniam

169 3830 309 3891 Posidoni
332 3847 557 3911 saepenumero,
580 3828 736 3908 Chrysippi
757 3845 911 3908 nunquam
933 3828 1038 3908 placita
1054 3827 1162 3888 Strabo
1184 3825 1314 3905 respicit.

254 3929 340 3990 Sicut
362 3929 493 3990 sermoni
516 3927 596 3990 haud
618 3943 686 3988 raro
708 3928 826 4009 propria
847 3927 1002 4007 Chrysippi
1023 3924 1114 3989 verba
1134 3943 1151 3987 a
1173 3925 1315 3986 Cicerone

170 4029 360 4100 intexuntur,
398 4029 439 4089 ita
468 4025 590 4107 proprie
617 4025 782 4107 Chrysippo
812 4025 951 4088 convenit
978 4025 1049 4086 illud
1089 4040 1208 4103 quoque
1236 4021 1317 4101 quod

168 4128 247 4190 inter
269 4128 455 4189 immortales
479 4111 565 4189 etiam
589 4125 643 4188 viri
663 4125 812 4188 beneficiis
836 4125 1011 4187 excellentes
1026 4122 1172 4184 hahentur
1186 4120 1246 4182 Cic.
1262 4118 1315 4180 ea,

168 4227 242 4289 ltem
267 4245 340 4306 quae
361 4228 398 4288 de
421 4245 521 4288 rerum
538 4226 670 4306 appetitu
684 4226 715 4287 in
731 4225 907 4287 animalibus
922 4224 1068 4302 leguntur
1079 4221 1138 4283 Cic.
1154 4219 1204 4293 29,
1228 4236 1315 4298 prae-

170 4327 246 4388 clare
269 4326 430 4408 Chrysippo
453 4325 632 4388 addicuntur
653 4324 834 4386 aChalcidio
850 4324 885 4384 ad
901 4321 1054 4383 Timaeum
1071 4319 1134 4380 220
1150 4317 1315 4398 (ct-iliram

169 4444 197 4505 p.
214 4425 299 4502 214).
329 4425 405 4486 Item
420 4424 456 4485 in
474 4428 492 4499 ς
510 4424 570 4486 166
585 4424 661 4486 clara
675 4422 724 4485 iha
735 4428 790 4485 'sus
806 4419 962 4502 Chrysippi
984 4419 1069 4482 adest
1083 4436 1159 4500 quae
1182 4415 1257 4480 nihil
1271 4423 1317 4479 est
