2962 5010
624 245 864 330 -ies-

174 455 234 516 quo
270 436 402 498 remedio
440 438 529 500 etiam
560 438 665 502 iulides
695 441 968 523 scolopendreeque
1005 452 1211 508 averterentur
1246 465 1319 527 per-

172 534 300 597 niciosae
315 535 442 615 piscanti
458 546 487 598 et
503 537 645 600 molestae
661 539 821 602 admodum
839 541 887 618 (fr.
903 541 938 617 V)
948 560 958 602 :-

277 687 376 747 Kelro
403 682 440 747 δὲ
466 684 506 768 δὴ
533 688 705 761 σκέπτοιο,
731 684 771 752 τό
792 709 847 751 κεν
872 687 927 749 καὶ
954 680 1088 753 ἰουλίδα
1109 687 1242 779 μάργον

275 779 406 845 Πολλδν
429 778 659 868 ἀποτρωπῷτο
686 785 741 847 καὶ
770 784 906 867 ἰοβόλον
931 784 1190 873 σκολόπενδραν,

173 943 289 1019 (Athen.
307 943 368 1006 304
380 944 429 1021 F);
457 946 586 1008 odiosam
608 947 686 1008 enim
710 946 787 1010 banc
811 947 936 1011 istarum
962 949 1154 1013 bestiolarum
1177 960 1318 1013 naturam

172 1063 237 1104 esse
258 1053 290 1104 ut
314 1042 609 1124 Sclrweigbaeuserus
631 1046 771 1126 respexit,
793 1046 833 1106 ita
850 1047 979 1127 neglexit
993 1047 1157 1111 Meinekius
1174 1049 1318 1124 (Exercit.

171 1142 241 1222 pbil.
258 1142 282 1222 ll
298 1163 327 1223 p.
347 1142 396 1208 15.
426 1143 509 1205 dnal.
527 1144 590 1205 crit.
607 1163 636 1224 p.
656 1143 728 1224 139)
750 1163 816 1205 cum
846 1138 1119 1227 ἀποτρωπᾶσθαι
1146 1147 1218 1209 illud
1235 1146 1317 1209 idem

172 1259 235 1302 esse
265 1252 354 1323 etque
383 1262 420 1305 ece
446 1244 543 1304 lustris
578 1243 665 1322 longe
691 1243 809 1304 educere
838 1242 962 1306 iuberet.
1004 1245 1049 1306 Tu
1087 1240 1316 1309 ἀποπτοιοῒτο

171 1340 315 1403 scriberes
343 1341 400 1402 uisi
426 1341 457 1402 in
491 1338 646 1402 sententiis
673 1341 729 1403 illis
756 1340 877 1403 iudaicis
904 1342 977 1404 falso
1003 1343 1187 1426 Phocylideis
1208 1364 1234 1404 v.
1256 1343 1317 1405 133

169 1437 267 1517 ipsum
294 1433 568 1522 ἀποτρωπᾶσθαι
596 1437 719 1501 vidisses
746 1458 837 1502 sensu
865 1441 969 1502 eodem
997 1460 1032 1502 ex
1054 1442 1188 1504 codicum
1210 1442 1316 1504 lectio-

171 1534 259 1598 nibus
274 1537 465 1618 probabiliter
476 1556 491 1600 a
504 1536 629 1617 Bergkio
640 1537 821 1600 restitutum.
843 1539 904 1600 lam
917 1539 1028 1602 veroin
1041 1541 1172 1602 carmine
1185 1541 1315 1604 Numeni

170 1637 271 1713 generi
297 1637 489 1699 artificiorum
515 1636 742 1718 piscatoriorum
770 1655 964 1718 escarumque
985 1639 1167 1720 unicuique
1189 1658 1316 1702 suoru-m

170 1734 295 1814 piscium
323 1736 508 1797 enumeratio
534 1733 774 1807 subnectebatur,
802 1735 931 1817 indeque
947 1737 1182 1799 enumerationis
1204 1739 1315 1800 seriem

169 1833 235 1912 plus
252 1852 340 1897 unam
356 1835 448 1896 luisse
463 1840 595 1916 apparet.
625 1835 756 1908 Quarum
773 1851 831 1896 una
848 1834 894 1895 bis
910 1835 1022 1916 incepit
1036 1835 1148 1897 verbis:

228 1991 290 2070 (Vl)
316 1993 435 2054 Totol
457 2010 500 2053 ee
514 1989 685 2074 θηρήσαιο
708 2000 829 2072 φαγεῖν
851 1988 1040 2073 λελιημένος
1064 1983 1167 2071 ἷχθόν

312 2086 350 2172 ἠὲ
372 2092 474 2171 μέγαν
496 2083 679 2152 συνόδοντα
701 2086 721 2171 ἢ
744 2085 900 2171 ἀρνευτὴν
923 2095 1091 2174 ἵππουρον

315 2183 350 2269 ἠὲ
372 2184 502 2271 φάγρον
524 2186 646 2270 λοφίην
668 2184 722 2249 ὁτὲ
744 2183 776 2250 δ’
801 2183 983 2269 ἀγρόμενον
998 2186 1153 2271 σκιαδῆα.
1190 2189 1314 2268 (dtben.

977 2287 1039 2347 322
1051 2287 1083 2349 F.
1095 2286 1127 2348 B.
1145 2285 1206 2349 304
1218 2287 1278 2362 Dli.

169 2400 221 2460 alia
244 2398 285 2460 ita
307 2398 520 2469 inducebatur:

213 2538 286 2616 (Vll)
315 2540 435 2600 Τοῒσί
459 2557 514 2599 κεν
536 2531 702 2618 εὐμαρέως
724 2531 880 2618 θαλάμης
903 2531 972 2598 ἀπο
995 2534 1122 2617 μακρόν
1144 2529 1287 2619 ἀείροις

312 2631 474 2717 σκόρπιον
495 2630 515 2717 ἢ
537 2629 643 2716 ὀρφόν
660 2635 872 2716 περιτρηχέα·
900 2634 964 2697 τῶν
986 2631 1048 2716 γὰρ
1070 2628 1126 2698 ἀπ’
1149 2631 1269 2718 ἄκρης.
1284 2680 1312 2697 ..

1022 2734 1141 2808 (Athen.
1159 2732 1219 2794 315
1233 2732 1268 2809 Β)

171 2882 229 2943 ιηυο
256 2864 292 2924 de
319 2856 384 2925 loco
406 2863 496 2924 nimis
518 2862 636 2942 ingenio
652 2883 705 2925 suo
722 2873 839 2944 praeter
855 2864 926 2926 alios
942 2862 1105 2925 Meiuebius
1120 2862 1245 2925 indulsit
1261 2863 1312 2942 qui

157 2962 259 3023 edidit
283 2962 349 3024 τῶν
373 2961 436 3044 γάρ
459 2960 518 3042 ε’ρᾷ
537 2962 613 3044 κρῆς
632 2959 810 3044 [ἐσθιέμεν]
831 2963 915 3041 quasi
931 2981 995 3025 non
1009 2954 1209 3044 περιτρηχέα
1222 2961 1312 3025 simul

166 3059 236 3121 illud
264 3061 298 3122 ad
321 3061 507 3140 scorpionem
524 3061 680 3140 pertinens
702 3061 848 3140 explicare
862 3061 936 3122 velle
956 3069 1042 3139 poeta
1062 3061 1202 3140 potuerit,
1230 3060 1311 3133 liunc

156 3157 197 3218 *in
213 3158 351 3220 modum:

768 3269 916 3351 τῶνγὰρ
939 3264 996 3330 ἐπ’
1020 3265 1120 3352 ἄκρης

267 3365 364 3452 οόρης
385 3368 420 3430 τὲ
442 3367 586 3452 κεφαλῆς
607 3392 643 3431 τε
664 3364 843 3451 φοβήματα
865 3377 974 3437 κεῖται
997 3362 1163 3429 ἀκόνθων.

166 3516 228 3596 lpsa
242 3525 340 3577 autem
354 3516 475 3578 nomina
487 3519 662 3599 plerumque
679 3516 860 3580 disiunctivis
876 3515 1025 3596 particulis
1041 3515 1309 3594 subiungebautur,

166 3615 319 3677 interdum
346 3615 556 3691 coniunctum,
582 3618 640 3679 fuit
665 3617 790 3679 fortasse
816 3615 912 3681 etium
930 3613 980 3677 ubi
1010 3614 1135 3697 perinde
1161 3622 1250 3695 atquo
1276 3615 1308 3676 in

164 3714 264 3775 latinis
280 3715 455 3778 'halieuticis
481 3716 625 3796 particula
651 3715 774 3777 omnino
801 3713 999 3776 omitteretur.
1036 3713 1113 3799 ‘uuo
1130 3713 1221 3795 igitur
1247 3704 1309 3777 tra-

165 3813 262 3876 bende
285 3814 449 3894 fragmenta
473 3814 587 3894 (vitiosa
611 3814 755 3894 quaedam
778 3813 937 3875 emendare
957 3814 1143 3894 pergemuslz
1216 3900 1219 3905 j

195 3963 281 4043 (Vlll)
305 3959 325 4046 ἢ
346 3961 465 4047 χρόμιν
486 3959 506 4045 ἢ
529 3957 714 4041 κάλλιχθυν
736 3957 756 4044 ἢ
777 3954 869 4043 ὕκην,
893 3955 1009 4022 ἄλλοτε
1031 3953 1065 4021 d'
1089 3953 1194 4041 ἀρφόυ
1227 4004 1231 4011 .

306 4057 326 4145 ἢ
358 4057 502 4138 γλαῦκον
536 4057 708 4143 περόωντα
740 4057 825 4122 κατὰ
855 4060 936 4140 μνία
970 4053 1307 4227 σιγαλρΐενῧτηέηθηθόθ

220 4290 325 4375 (lxlvi
358 4292 475 4377 λευκὴν
509 4289 672 4356 συόδοντα
708 4288 831 4375 βόηκάς
863 4313 898 4353 τε
933 4287 1096 4449 τρικκούςῐ
1117 4288 1308 4464 Ξεῃηξξθθ

1064 4408 1101 4450 c.
