2962 5010
615 305 856 369 -157-

166 479 268 558 ltaque
303 478 433 559 primum
466 479 651 542 adscribatur
684 486 714 540 et
746 479 809 560 ipse
838 488 868 541 et
888 480 971 542 locus
993 497 1115 558 graccus
1142 500 1233 562 quem
1256 503 1308 545 ex-

165 576 283 658 primit:

165 705 407 787 Tergeminos
465 708 546 769 nasci
609 715 724 769 eertum
752 727 781 788 p.
798 706 888 768 584ss
905 705 962 768 30:
987 705 1024 768 τὸ
1051 706 1111 788 μὲν
1135 707 1196 789 γὰρ
1211 708 1308 772 πλεί-

166 812 210 866 est
244 804 432 868 Horatiorum
465 805 724 886 Curiatiorumquc
752 821 830 868 στον
855 805 911 866 καὶ
938 802 1031 887 παρὰ
1053 815 1124 878 τοῖς
1139 804 1309 881 πλείστοις

166 903 310 982 exemplo.
399 904 419 964 S
432 922 451 965 u
464 923 482 984 p
496 923 539 965 er
603 905 613 966 i
625 924 644 965 n
657 913 669 967 t
681 925 697 966 e
709 923 725 966 r
752 907 787 966 ἓν
801 905 966 965 τίκτουσιν
986 899 1023 964 ai
1038 913 1198 980 γυναῖκες,
1225 904 1309 968 πολ-

166 1008 318 1062 ostenta
362 1001 507 1063 dicitnr
555 1010 724 1083 praeter·
751 999 846 1075 λάκις
861 999 899 1064 δὲ
915 1000 969 1063 καὶ
987 1000 1156 1081 πολλαχοῦ
1172 999 1307 1086 δίδυμα,

166 1117 271 1180 quarn
300 1099 336 1161 in
359 1099 526 1180 Aegypto
553 1101 604 1162 ubi
626 1101 724 1163 fetifer
753 1096 839 1162 οίον
868 1103 935 1162 καὶ
966 1099 1057 1184 περὶ
1086 1104 1307 1180 Αἴγυπτον·

167 1205 241 1277 potu
285 1196 367 1258 Nilus
417 1198 534 1260 amnis·
589 1199 725 1274 (inicitur
751 1199 931 1262 τίκτονσι
962 1197 999 1261 δὲ
1028 1198 1095 1262 καὶ
1125 1204 1216 1281 τρία
1245 1203 1310 1264 καὶ

168 1295 275 1357 deinde
294 1296 389 1358 fabula
412 1297 448 1358 de
471 1298 582 1359 femina
598 1298 725 1378 quadam
751 1297 935 1379 τέτταρα,
963 1296 1040 1380 περὶ
1056 1295 1163 1372 ἐνίους
1178 1297 1239 1381 μὲν
1254 1299 1309 1362 καὶ

166 1394 291 1474 Augusti
323 1403 457 1475 tempore
486 1397 577 1458 semel
605 1405 726 1475 quater·
754 1385 889 1477 σφόδρα
909 1392 1033 1470 τόπους
1056 1389 1162 1480 ὥςπερ
1184 1399 1309 1482 εἴρηται
1423 1452 1426 1459 f

166 1511 221 1554 nos
238 1492 352 1568 enixa).
755 1488 966 1575 πρότερονίί).

167 1620 370 1699 Reperitur
403 1628 433 1682 et
459 1620 490 1680 iu
519 1620 725 1700 Peloponneso
754 1615 896 1681 πλείστα
912 1616 949 1681 δὲ
970 1621 1114 1682 τίκτεται
1130 1621 1228 1682 πέντε
1253 1617 1312 1684 τὸν

168 1719 300 1798 quinos
339 1717 436 1794 (codd.
471 1720 561 1793 laicos)
595 1726 727 1801 quater
753 1708 915 1798 ἀριθμόν·
958 1713 1028 1800 ἤδη
1073 1716 1143 1800 γὰρ
1181 1713 1310 1782 ὦπται

143 1817 274 1878 ,enixa
307 1817 559 1900 maioremque
587 1825 726 1898 partem
753 1815 867 1878 τοῦτο
886 1813 942 1876 καὶ
958 1813 1016 1877 ἐπὶ
1033 1810 1198 1880 πλειόνων
1213 1833 1312 1900 nvp·
1384 1865 1392 1879 .

168 1916 726 1995 exomnieiusvixissepartu‚
753 1909 937 1996 βεβηκός·
975 1914 1046 1994 μίοι
1082 1911 1125 1976 δέ
1164 1936 1224 1988 τις
1271 1913 1312 1979 ἐν

168 2021 197 2075 et
239 2014 271 2076 in
308 2018 439 2094 Aegypto
483 2022 622 2093 septenos
667 2031 727 2074 uno
754 2005 1081 2092 τέτταρσιτόκοις
1104 2009 1233 2075 ἔτεκεν
1253 2016 1312 2076 εἵ-

168 2120 254 2173 utero
298 2112 385 2174 simul
430 2111 508 2191 gigni
544 2119 646 2174 auctor
683 2119 727 2172 est
754 2125 884 2172 κοσιν·
921 2105 994 2171 ἀνὰ
1023 2107 1067 2171 δὲ
1096 2112 1211 2173 πέντε
1240 2111 1312 2195 γὰρ

168 2209 292 2289 Trogus.
754 2206 872 2281 ἔτεκε,
898 2206 963 2269 καὶ
985 2206 1312 2273 conciliationis

753 2299 958 2391 ἓξετροίφη.

175 2446 305 2526 Apparet
336 2452 418 2507 certe
449 2445 611 2508 clausulam
635 2444 811 2508 Aristotelici
838 2445 896 2507 loci
919 2445 997 2525 apud
1020 2434 1150 2508 Plinium
1173 2446 1311 2527 exprimi:

172 2544 345 2626 etquidem
372 2542 525 2622 legebatur
546 2551 610 2606 tum
633 2545 758 2607 tortasse
780 2562 841 2606 non
869 2541 928 2606 ἐπὶ
956 2538 1133 2619 πλειόνων,
1159 2545 1211 2607 sed
1235 2542 1312 2625 napi

172 2638 436 2724 πελοπόννρσον;
481 2642 565 2704 aliter
590 2643 688 2723 ipsum
722 2643 778 2705 hoc
810 2643 937 2705 alterurn
968 2650 1148 2723 expunctum
1166 2698 1168 2702 .
1188 2643 1312 2706 dicetur.

171 2740 228 2805 Sed
251 2741 339 2803 ctiam
355 2741 557 2804 antecedentia
574 2741 714 2805 extabant
735 2743 812 2822 apud
828 2741 1017 2803 Aristotelem
1037 2740 1151 2803 arbitro
1166 2741 1312 2804 Strabone

170 2859 200 2920 p.
222 2839 303 2901 695:
345 2837 404 2912 τὰς
438 2836 476 2902 δὲ
509 2849 668 2917 γυναῖκας
707 2835 785 2903 ἔσθ’
816 2834 871 2902 ὅτε
895 2837 951 2900 καὶ
976 2835 1164 2921 τετράδομοι
1191 2841 1314 2901 τίκτειν

170 2935 229 3010 τὰς
253 2937 459 3016 Αἰγυπτίας·
491 2932 717 3021 Ἀριστοτέλης
742 2933 780 3000 δέ
803 2956 877 2999 τινα
899 2935 958 2998 καὶ
985 2933 1161 3018 laeetana
1188 2934 1314 3018 inconst

170 3037 350 3112 τετοκέναι,
377 3036 433 3098 καὶ
459 3030 558 3110 αὐτὸς
583 3033 770 3114 πολύγονον
798 3033 905 3098 aaron
929 3030 988 3099 τόν
1009 3033 1132 3099 Notior
1157 3033 1213 3097 κοιλ
1236 3032 1314 3117 τρό-

171 3153 286 3217 φιμον.
323 3135 463 3216 Sequitur
483 3137 614 3216 primum
635 3135 664 3198 io
687 3135 768 3216 quod
790 3133 863 3197 vidit
884 3133 1108 3196 Gutschmidius
1130 3142 1163 3196 ut
1185 3134 1314 3196 eundem

171 3232 333 3296 Aristotelis
365 3235 463 3297 locum
497 3242 526 3296 et
548 3234 663 3314 Trogus
694 3242 725 3297 et
748 3233 853 3297 Strabo
883 3232 1016 3295 adierint.
1061 3231 1202 3313 Sequitur
1223 3249 1313 3311 porro

172 3349 208 3393 ex
239 3331 295 3395 illis
328 3329 515 3409 πολύγονον
548 3331 656 3397 καλῶν
687 3331 745 3396 τὸν
778 3329 901 3395 Νεῖλον
933 3324 989 3392 καὶ
1021 3321 1187 3413 τρόφιμον
1223 3330 1313 3393 etiam

171 3429 258 3491 verba
281 3429 327 3491 illa
351 3429 426 3493 Plini
448 3432 500 3492 νίιι·
519 3432 620 3511 letifer
637 3441 708 3512 potu
729 3431 812 3495 Nilos
833 3435 926 3492 amnas
959 3449 994 3492 ex
1017 3429 1173 3492 Aristotele
1195 3428 1314 3490 fluxisse

172 3527 336 3608 etquidem
352 3548 388 3590 ex
402 3529 466 3591 loco
482 3537 534 3592 aut
549 3531 655 3592 eodem
674 3539 726 3594 aut
740 3531 847 3592 ricino.
885 3529 951 3592 Veri
973 3547 1062 3610 porro
1084 3528 1267 3591 simillimum
1282 3528 1316 3588 tit

172 3626 253 3706 quod
268 3625 380 3689 Plinius
396 3627 467 3689 dicit
482 3633 707 3709 qooterpema'noa
720 3634 918 3693 ιἰιίοτοτίοιιίο
928 3639 1131 3710 praetermorem
1145 3632 1177 3690 ιἰι
1191 3629 1313 3708 Aepypto

172 3724 359 3786 concinentia
375 3725 446 3787 haec
459 3745 527 3789 cum
541 3727 697 3791 Strabonis
717 3726 773 3790 καὶ
789 3723 976 3810 amonicione
995 3730 1117 3791 τίκτειν
1130 3725 1189 3799 τὰς
1206 3725 1315 3803 Λίγυ-

174 3824 256 3895 πίας
271 3822 334 3903 ipsa
349 3841 468 3904 quoque
482 3826 587 3888 eodem
602 3826 673 3889 olim
688 3827 753 3889 loco
769 3826 923 3889 exstitisse.
948 3826 1010 3888 lam
1026 3844 1094 3886 vero
1109 3825 1141 3887 in
1151 3823 1316 3886 Aristotelis

85 3953 88 3959 ·
172 3937 311 3983 sermone
333 3922 479 4002 exscripto
495 3942 685 4005 summopere
707 3925 888 4004 languidum,
910 3924 981 4004 quid
1002 3920 1091 3985 dico?
1117 3923 1264 3986 absonum
1285 3931 1315 3982 et

172 4017 364 4083 ridiculosum
388 4039 454 4083 esse
476 4022 569 4084 lector
591 4022 725 4087 curiosus
748 4022 912 4103 persentiat
933 4038 1055 4084 necesse
1077 4028 1123 4083 est
1144 4020 1215 4083 illud
1243 4016 1316 4082 οἷον

172 4113 230 4178 καὶ
257 4114 333 4200 περὶ
358 4119 545 4199 Αἴγυπτον,
572 4119 682 4201 quippe
706 4121 857 4183 illustrans
884 4137 966 4182 nunc
986 4137 1050 4181 rem
1073 4117 1315 4198 volgatissimam:

172 4223 288 4295 partum
304 4216 455 4294 geminum
471 4218 534 4280 lere
551 4219 658 4299 ubique
673 4217 844 4281 occurreret
875 4217 956 4279 Ordo
971 4216 1119 4279 sermonis
1135 4224 1235 4296 aperte
1250 4224 1316 4278 tur-

173 4314 259 4378 batus
271 4323 316 4376 est
337 4334 397 4396 quo
413 4317 570 4396 scripserat
585 4316 653 4379 olim
669 4314 875 4397 philosophus:
891 4310 1052 4386 πολλάκις
1067 4311 1104 4376 δὲ
1119 4313 1174 4375 καὶ
1189 4312 1316 4377 πολλα-

172 4413 232 4491 χοῦ
250 4410 399 4495 δίδυμα·
437 4417 583 4479 τίκτοοσι
614 4412 651 4477 δὲ
676 4412 732 4476 καὶ
759 4416 835 4495 τρία
860 4411 916 4475 καὶ
942 4413 1081 4495 τέτταρσι
1105 4411 1184 4495 περὶ
1208 4409 1317 4483 ἐνίους

172 4508 234 4591 μὲν
248 4515 304 4573 καὶ
328 4509 461 4594 σφόδρα
482 4509 607 4586 τόπονς
620 4509 692 4575 οἷον
706 4510 762 4575 καὶ
776 4509 856 4594 περὶ
874 4512 1051 4588 Αἴγυπτον
1066 4505 1173 4593 ὥςπερ
1188 4512 1315 4593 εἴρηται
