2962 5010
620 323 864 386 -197-

174 500 382 563 molestissima
426 500 576 578 diligentia
625 500 746 562 vocibus
789 500 1065 583 circumscripsisset
1108 502 1222 565 duabus
1264 510 1315 565 aut

174 618 278 680 parurn
305 599 380 680 aptis
408 607 458 661 aut
484 600 575 661 etiam
605 599 720 680 ineptis.
765 601 823 661 but
845 608 983 682 corrupta
1009 601 1096 663 lectio
1119 601 1243 663 dicenda
1266 609 1316 663 aut

173 699 213 760 ita
235 698 445 778 distinguenda
468 706 528 760 est:

574 837 631 910 Qui
654 855 716 897 uon
739 835 941 899 moderabitur
961 838 1032 910 irae,

274 938 419 998 iniectum
444 937 522 997 volet
544 954 610 997 esse
633 935 726 1008 dolor,
749 936 829 1014 quod
851 934 987 1008 suaserit,
1010 946 1040 998 et
1062 954 1145 998 meus

274 1036 348 1098 llum
369 1055 481 1115 poenas
505 1035 573 1097 odio
596 1053 649 1116 per
672 1035 731 1095 vim
754 1034 874 1096 festinat
895 1035 1002 1098 inulto.

272 1134 317 1196 lra
339 1133 423 1195 furor
445 1132 543 1195 brevis
566 1141 621 1195 est.
665 1134 807 1197 Animum
829 1152 906 1212 rege.

173 1298 289 1360 Scilicet
310 1297 389 1377 qnod
413 1296 572 1359 iracundus
602 1296 673 1376 (qui
700 1295 761 1357 irae
783 1313 844 1357 non
865 1296 1088 1378 moderabitur)
1115 1297 1254 1371 suaserit,
1285 1298 1314 1359 id

172 1405 275 1477 postca
299 1396 410 1457 dolor
431 1395 575 1456 intectum
592 1414 656 1456 esse
673 1395 749 1456 volet
764 1402 853 1474 atque
869 1413 954 1457 mens
976 1395 1041 1476 ipsa
1056 1396 1126 1472 (hoc
1147 1404 1208 1459 est:
1231 1398 1316 1459 dolor

173 1504 272 1558 mente
294 1494 478 1576 recuperata)
501 1495 571 1556 dum
600 1494 669 1556 odio
696 1494 791 1555 inulto
814 1511 957 1575 poenas
979 1495 1049 1556 dare
1073 1494 1206 1575 pervim
1229 1495 1314 1557 iesti-

172 1605 253 1659 uant.
290 1596 374 1657 Haud
398 1614 483 1656 secus
506 1614 538 1655 se
561 1612 625 1655 rem
648 1594 797 1674 accepisse
812 1593 975 1674 Porphyrio
998 1594 1062 1674 ipso
1078 1595 1217 1657 lemmate
1239 1603 1314 1658 atle-

170 1704 275 1758 statur.
320 1693 449 1756 Sunserit
471 1693 568 1756 minus
591 1700 777 1774 expectatum
801 1692 941 1755 Horatius
964 1695 1149 1774 profecerit.

257 1795 315 1857 Sed
343 1803 474 1856 mentem
496 1794 567 1856 dum
589 1801 686 1855 sector
711 1792 808 1854 inania
842 1801 943 1874 captor
980 1794 1123 1875 propositi
1147 1793 1312 1856 obliviscor.

171 1896 215 1957 nd
237 1902 330 1956 artem
346 1892 454 1955 Tibulli
477 1891 659 1954 attendimus
683 1892 845 1954 metricam.
883 1892 1018 1954 Attendit
1039 1893 1075 1954 ad
1099 1912 1163 1955 eam
1179 1892 1312 1972 Zingerle

171 2013 306 2075 quoque,
336 1993 387 2054 sed
416 1992 526 2063 obiter,
558 1991 636 2072 quod
665 2009 734 2053 vero
757 1991 923 2053 observavit
945 1991 977 2053 in
999 2011 1027 2072 p.
1045 1991 1096 2067 76,
1123 1993 1153 2054 id
1175 1991 1312 2055 ordinem

172 2093 313 2155 librorum
343 2091 415 2152 meis
438 2089 537 2171 potius
567 2089 699 2151 numeris
729 2090 955 2151 convenientem
984 2090 1182 2166 conlirmavit3
1209 2099 1313 2171 penta-

171 2192 258 2253 metri
287 2191 366 2253 euim
398 2189 653 2272 penthemimeren
683 2188 812 2269 priorem
841 2189 1030 2269 spondiacam
1058 2197 1150 2252 totam
1181 2189 1313 2253 Tibullus

143 2307 147 2313 ·
170 2291 255 2353 fiuxit
275 2290 306 2352 in
328 2289 430 2352 librol
453 2289 544 2350 semel
565 2289 644 2349 iuter
667 2286 685 2349 8
707 2289 894 2350 hexametros
918 2287 969 2368 (51.
988 2288 1143 2369 exempla),
1167 2289 1183 2350 l.
1199 2289 1226 2349 ll
1240 2289 1312 2352 item

170 2391 262 2452 semel
275 2389 354 2451 inter
369 2388 387 2451 8
406 2386 458 2465 (27
474 2392 543 2466 en),
558 2388 576 2448 l.
593 2387 630 2446 lV
642 2384 725 2444 2-r
742 2395 773 2448 et
790 2385 828 2446 13
841 2406 884 2467 sq.
908 2386 1000 2448 semel
1022 2387 1102 2449 inter
1117 2384 1170 2467 5ss
1180 2387 1233 2465 (14
1245 2388 1312 2468 en).

170 2489 278 2551 Contra
306 2487 451 2568 Sulpiciae
480 2484 699 2567 epigrammatia
715 2485 871 2556 {vs-42
900 2486 1024 2548 eandem
1052 2485 1196 2568 praebent
1223 2489 1314 2550 semel

170 2586 200 2651 in
224 2587 275 2672 21⁶!
306 2587 337 2665 (6
360 2590 426 2664 erl,
455 2586 623 2667 Lygdamus
651 2585 742 2646 semel
769 2584 843 2647 int
870 2582 925 2664 (36
948 2587 1016 2662 en).
1070 2585 1178 2648 Tibulli
1212 2595 1311 2649 antem

170 2705 288 2750 carmen
304 2685 350 2747 13
374 2684 454 2767 quod
476 2682 712 2747 vetustissimum
745 2703 810 2746 esse
841 2684 1007 2765 suspicatus
1035 2703 1102 2747 sum
1136 2685 1225 2749 etiam
1256 2685 1312 2749 hac

170 2786 200 2849 in
233 2805 265 2848 re
298 2784 436 2846 omnibus
464 2783 637 2846 Tibulliauis
672 2782 816 2845 vincitur:
852 2782 970 2847 exhibet
1004 2783 1083 2847 euim
1118 2784 1310 2865 spondiacam

169 2885 424 2966 penthemimeren
448 2892 555 2963 olneter
576 2882 696 2944 deciens
718 2882 764 2944 vel
786 2883 878 2943 semel
902 2882 933 2942 iu
950 2880 1007 2952 3¹),
1023 2882 1143 2961 (deinde
1158 2882 1170 2943 l
1186 2884 1206 2943 4
1220 2884 1311 2946 semel

170 2985 202 3047 in
224 2984 295 3059 nna
317 2981 479 3063 elegantior
494 2982 506 3042 l
521 2981 564 3055 9).

252 3084 355 3164 ltaque
377 3083 448 3143 dum
471 3080 538 3161 quis
561 3079 694 3160 graviore
711 3079 845 3161 opinioni
868 3078 1033 3142 contrariae
1049 3078 1201 3155 obtendet,
1224 3088 1308 3143 stan·

169 3185 240 3245 dum
263 3180 299 3243 ab
321 3183 375 3244 hac
397 3199 462 3242 mea
492 3180 546 3242 erit
569 3198 645 3260 quae
667 3179 754 3242 etiam
777 3178 840 3259 ipsa
862 3197 894 3240 re
916 3177 1045 3241 manime
1068 3180 1309 3242 commendatur:

167 3283 266 3364 ipsum
298 3278 447 3342 Tibullum
485 3278 558 3341 duos
595 3285 710 3340 tantum
743 3276 835 3339 libros
871 3276 1036 3357 publicasse
1069 3276 1178 3360 (neque
1209 3278 1309 3359 plures

169 3379 290 3444 Ovidius
312 3399 344 3442 se
371 3377 542 3460 cognovisse
569 3375 706 3458 testatur)
739 3377 918 3457 eosdemque
945 3375 1013 3439 ideo
1042 3376 1130 3441 etiam
1153 3376 1310 3458 primarios

167 3479 280 3542 fructus
307 3478 377 3541 artis
407 3497 472 3540 esse
495 3476 692 3549 Tibullianae,
727 3482 792 3538 tum
814 3474 979 3538 Heroidum
1005 3478 1067 3538 lere
1099 3475 1309 3542 Ouidianarnm

166 3588 301 3659 tempore
328 3579 409 3640 lusus
432 3575 571 3658 Lygdami
594 3595 660 3638 esse
682 3575 826 3650 adiectos,
858 3581 946 3656 atque
980 3583 1049 3656 post
1079 3576 1160 3638 huno
1188 3577 1309 3640 demum

166 3677 304 3759 reliquias
341 3676 498 3739 nonnullas
535 3674 642 3738 Tibulli
690 3693 748 3737 una
788 3692 855 3738 cnm
890 3673 1035 3756 Sulpiciae
1071 3672 1237 3755 elegidariis
1273 3677 1306 3738 in

165 3777 276 3840 librum
299 3776 426 3838 adiectas
449 3775 640 3856 redactasque
664 3793 729 3838 esse
751 3773 890 3838 ultimum
915 3773 1046 3856 cognitas
1068 3793 1116 3836 eas
1139 3782 1174 3838 ut
1194 3775 1309 3838 ridetur

166 3884 319 3940 nonanto
341 3883 445 3955 poetae
469 3873 593 3937 obitum.

251 3974 436 4037 Advocamur
452 3973 540 4035 etiam
555 3971 713 4034 Venusinis
729 3971 875 4033 Camenis.
899 3975 1038 4034 Attamen
1054 3989 1155 4035 earnm
1171 3971 1307 4035 hocloco

167 4074 213 4135 vel
240 4074 382 4155 imperata
409 4073 573 4135 obtrectare
604 4070 715 4133 malim.
759 4070 833 4133 Nam
861 4070 916 4132 Ars
938 4069 1056 4133 Poetica
1077 4070 1307 4133 Horatianorum

167 4171 309 4236 librorum
344 4172 466 4234 ultimus
499 4188 644 4232 consensu
666 4170 729 4232 fere
762 4168 933 4241 habebatur,
969 4170 1054 4249 eique
1082 4168 1189 4232 iudicio
1217 4170 1306 4233 etiam

168 4272 296 4334 metricis
311 4272 384 4335 meis
396 4270 650 4334 observationibus
663 4269 771 4331 mirum
785 4277 929 4350 quantum
947 4267 1064 4330 roboris
1076 4268 1145 4331 addi
1156 4288 1189 4331 ac
1201 4268 1306 4332 virium

168 4369 240 4432 mibi
266 4370 362 4432 visum
384 4380 430 4433 est
456 4370 512 4450 (nd
534 4371 599 4433 hex.
621 4369 671 4430 lat.
694 4368 761 4431 hist.
786 4387 814 4448 p.
832 4364 871 4429 38
888 4375 918 4429 et
936 4365 990 4440 133
1013 4368 1051 4429 cl.
1067 4387 1094 4449 p.
1113 4367 1176 4449 28).
1220 4368 1306 4431 Nunc

168 4486 237 4531 vero
259 4488 275 4530 a
298 4485 443 4531 consensu
464 4469 521 4532 isto
541 4469 684 4532 divertere
699 4468 867 4550 lidulphum
883 4465 1053 4534 lliobaeleur
1069 4466 1152 4531 rideo
1175 4466 1206 4534 iu
1222 4486 1303 4536 com-
