<?xml version="1.0" encoding="UTF-8"?>
<!DOCTYPE html PUBLIC "-//W3C//DTD XHTML 1.0 Transitional//EN"
    "http://www.w3.org/TR/xhtml1/DTD/xhtml1-transitional.dtd">
<html xmlns="http://www.w3.org/1999/xhtml" xml:lang="en" lang="en">
 <head>
  <title>
</title>
<meta http-equiv="Content-Type" content="text/html;charset=utf-8" />
  <meta name='ocr-system' content='tesseract 3.04.00' />
  <meta name='ocr-capabilities' content='ocr_page ocr_carea ocr_par ocr_line ocrx_word'/>
</head>
<body>
  <div class='ocr_page' id='page_1' title='image "./dehalieuticisov02birtgoog_0015.png"; bbox 0 0 2962 5010; ppageno 0'>
   <div class='ocr_carea' id='block_1_1' title="bbox 670 317 867 379">
    <p class='ocr_par' dir='ltr' id='par_1_1' title="bbox 670 317 867 379">
     <span class='ocr_line' id='line_1_1' title="bbox 670 317 867 379; baseline -0.005 -16"><span class='ocrx_word' id='word_1_1' title='bbox 670 317 867 379; x_wconf 81' lang='grc'>..4-</span> 
     </span>
    </p>
   </div>
   <div class='ocr_carea' id='block_1_2' title="bbox 171 492 1408 3128">
    <p class='ocr_par' dir='ltr' id='par_1_2' title="bbox 171 492 1408 3128">
     <span class='ocr_line' id='line_1_2' title="bbox 200 492 1338 573; baseline 0 -19"><span class='ocrx_word' id='word_1_2' title='bbox 200 493 351 556; x_wconf 87' lang='lat' dir='ltr'><strong>tationem.</strong></span> <span class='ocrx_word' id='word_1_3' title='bbox 383 492 441 554; x_wconf 90' lang='lat' dir='ltr'><strong>Sed</strong></span> <span class='ocrx_word' id='word_1_4' title='bbox 452 492 524 554; x_wconf 89' lang='lat' dir='ltr'><strong>haec</strong></span> <span class='ocrx_word' id='word_1_5' title='bbox 536 492 647 565; x_wconf 89' lang='lat' dir='ltr'><strong>eadem,</strong></span> <span class='ocrx_word' id='word_1_6' title='bbox 671 493 749 572; x_wconf 92' lang='lat' dir='ltr'><strong>quod</strong></span> <span class='ocrx_word' id='word_1_7' title='bbox 764 493 811 553; x_wconf 86' lang='lat' dir='ltr'><strong>vix</strong></span> <span class='ocrx_word' id='word_1_8' title='bbox 832 510 1029 571; x_wconf 71' lang='lat' dir='ltr'><strong>speraveram,</strong></span> <span class='ocrx_word' id='word_1_9' title='bbox 1051 492 1193 573; x_wconf 83' lang='lat' dir='ltr'><strong>adipeam</strong></span> <span class='ocrx_word' id='word_1_10' title='bbox 1206 500 1338 554; x_wconf 89' lang='lat' dir='ltr'><strong>nostram</strong></span> 
     </span>
     <span class='ocr_line' id='line_1_3' title="bbox 201 590 1340 672; baseline -0.002 -18"><span class='ocrx_word' id='word_1_11' title='bbox 201 592 404 672; x_wconf 91' lang='lat' dir='ltr'><strong>quaestionem</strong></span> <span class='ocrx_word' id='word_1_12' title='bbox 429 590 465 652; x_wconf 90' lang='lat' dir='ltr'><strong>ab</strong></span> <span class='ocrx_word' id='word_1_13' title='bbox 489 610 524 650; x_wconf 94' lang='lat' dir='ltr'><strong>eo</strong></span> <span class='ocrx_word' id='word_1_14' title='bbox 547 591 684 670; x_wconf 92' lang='lat' dir='ltr'><strong>adplicari</strong></span> <span class='ocrx_word' id='word_1_15' title='bbox 706 591 759 652; x_wconf 91' lang='lat' dir='ltr'><strong>ubi</strong></span> <span class='ocrx_word' id='word_1_16' title='bbox 789 591 896 652; x_wconf 81' lang='lat' dir='ltr'><strong>certior</strong></span> <span class='ocrx_word' id='word_1_17' title='bbox 917 592 1012 652; x_wconf 91' lang='lat' dir='ltr'><strong>factus</strong></span> <span class='ocrx_word' id='word_1_18' title='bbox 1040 610 1117 664; x_wconf 86' lang='lat' dir='ltr'><strong>sum,</strong></span> <span class='ocrx_word' id='word_1_19' title='bbox 1146 592 1254 652; x_wconf 88' lang='lat' dir='ltr'><strong>certius</strong></span> <span class='ocrx_word' id='word_1_20' title='bbox 1276 592 1340 652; x_wconf 87' lang='lat' dir='ltr'><strong>fac-</strong></span> 
     </span>
     <span class='ocr_line' id='line_1_4' title="bbox 199 689 1340 769; baseline 0 -19"><span class='ocrx_word' id='word_1_21' title='bbox 199 698 265 751; x_wconf 92' lang='lat' dir='ltr'><strong>tum</strong></span> <span class='ocrx_word' id='word_1_22' title='bbox 287 689 387 768; x_wconf 90' lang='lat' dir='ltr'><strong>potius</strong></span> <span class='ocrx_word' id='word_1_23' title='bbox 409 709 509 751; x_wconf 91' lang='lat' dir='ltr'><strong>meum</strong></span> <span class='ocrx_word' id='word_1_24' title='bbox 532 689 604 750; x_wconf 92' lang='lat' dir='ltr'><strong>mihi</strong></span> <span class='ocrx_word' id='word_1_25' title='bbox 627 689 770 751; x_wconf 91' lang='lat' dir='ltr'><strong>indicium</strong></span> <span class='ocrx_word' id='word_1_26' title='bbox 797 698 842 751; x_wconf 90' lang='lat' dir='ltr'><strong>est</strong></span> <span class='ocrx_word' id='word_1_27' title='bbox 869 707 966 768; x_wconf 90' lang='lat' dir='ltr'><strong>neque</strong></span> <span class='ocrx_word' id='word_1_28' title='bbox 993 707 1174 769; x_wconf 89' lang='lat' dir='ltr'><strong>suspensum</strong></span> <span class='ocrx_word' id='word_1_29' title='bbox 1204 689 1340 769; x_wconf 90' lang='lat' dir='ltr'><strong>probavi-</strong></span> 
     </span>
     <span class='ocr_line' id='line_1_5' title="bbox 201 787 1340 868; baseline 0 -19"><span class='ocrx_word' id='word_1_30' title='bbox 201 806 259 868; x_wconf 92' lang='lat' dir='ltr'><strong>que</strong></span> <span class='ocrx_word' id='word_1_31' title='bbox 282 787 363 867; x_wconf 86' lang='lat' dir='ltr'><strong>quod</strong></span> <span class='ocrx_word' id='word_1_32' title='bbox 386 796 487 849; x_wconf 90' lang='lat' dir='ltr'><strong>contra</strong></span> <span class='ocrx_word' id='word_1_33' title='bbox 509 787 592 849; x_wconf 91' lang='lat' dir='ltr'><strong>illum</strong></span> <span class='ocrx_word' id='word_1_34' title='bbox 614 788 743 849; x_wconf 88' lang='lat' dir='ltr'><strong>libellum</strong></span> <span class='ocrx_word' id='word_1_35' title='bbox 766 789 929 850; x_wconf 90' lang='lat' dir='ltr'><strong>iudicatum</strong></span> <span class='ocrx_word' id='word_1_36' title='bbox 951 787 987 848; x_wconf 91' lang='lat' dir='ltr'><strong>ab</strong></span> <span class='ocrx_word' id='word_1_37' title='bbox 1009 788 1141 849; x_wconf 91' lang='lat' dir='ltr'><strong>Hartelio</strong></span> <span class='ocrx_word' id='word_1_38' title='bbox 1164 788 1221 849; x_wconf 90' lang='lat' dir='ltr'><strong>vidi</strong></span> <span class='ocrx_word' id='word_1_39' title='bbox 1240 789 1271 849; x_wconf 89' lang='lat' dir='ltr'><strong>in</strong></span> <span class='ocrx_word' id='word_1_40' title='bbox 1294 790 1340 849; x_wconf 91' lang='lat' dir='ltr'><strong>Zs.</strong></span> 
     </span>
     <span class='ocr_line' id='line_1_6' title="bbox 200 885 1340 966; baseline -0.001 -18"><span class='ocrx_word' id='word_1_41' title='bbox 200 887 220 948; x_wconf 87' lang='lat' dir='ltr'><strong>f.</strong></span> <span class='ocrx_word' id='word_1_42' title='bbox 247 886 273 947; x_wconf 89' lang='lat' dir='ltr'><strong>d.</strong></span> <span class='ocrx_word' id='word_1_43' title='bbox 303 892 375 946; x_wconf 82' lang='lat' dir='ltr'><strong>ostr.</strong></span> <span class='ocrx_word' id='word_1_44' title='bbox 399 886 536 966; x_wconf 83' lang='lat' dir='ltr'><strong>Gymnas.</strong></span> <span class='ocrx_word' id='word_1_45' title='bbox 562 885 643 948; x_wconf 87' lang='grc'>1866</span> <span class='ocrx_word' id='word_1_46' title='bbox 670 906 699 966; x_wconf 92' lang='lat' dir='ltr'><strong>p.</strong></span> <span class='ocrx_word' id='word_1_47' title='bbox 724 885 795 957; x_wconf 80' lang='grc'>334,</span> <span class='ocrx_word' id='word_1_48' title='bbox 825 887 956 966; x_wconf 88' lang='lat' dir='ltr'><strong>seposito</strong></span> <span class='ocrx_word' id='word_1_49' title='bbox 987 886 1062 946; x_wconf 88' lang='lat' dir='ltr'>Plini</span> <span class='ocrx_word' id='word_1_50' title='bbox 1092 887 1261 949; x_wconf 90' lang='lat' dir='ltr'><strong>testimonio</strong></span> <span class='ocrx_word' id='word_1_51' title='bbox 1289 905 1340 947; x_wconf 91' lang='lat' dir='ltr'><strong>co-</strong></span> 
     </span>
     <span class='ocr_line' id='line_1_7' title="bbox 201 983 1341 1064; baseline 0 -18"><span class='ocrx_word' id='word_1_52' title='bbox 201 985 294 1064; x_wconf 89' lang='lat' dir='ltr'><strong>gitare</strong></span> <span class='ocrx_word' id='word_1_53' title='bbox 316 985 403 1045; x_wconf 91' lang='lat' dir='ltr'><strong>licere</strong></span> <span class='ocrx_word' id='word_1_54' title='bbox 428 983 598 1045; x_wconf 78' lang='lat' dir='ltr'><strong>etiamnunc</strong></span> <span class='ocrx_word' id='word_1_55' title='bbox 620 985 656 1046; x_wconf 89' lang='lat' dir='ltr'><strong>de</strong></span> <span class='ocrx_word' id='word_1_56' title='bbox 678 984 826 1046; x_wconf 84' lang='lat' dir='ltr'><strong>imitatore</strong></span> <span class='ocrx_word' id='word_1_57' title='bbox 850 984 944 1046; x_wconf 89' lang='lat' dir='ltr'><strong>Ovidi.</strong></span> <span class='ocrx_word' id='word_1_58' title='bbox 974 1019 1016 1030; x_wconf 86' lang='lat'>-</span> <span class='ocrx_word' id='word_1_59' title='bbox 1049 985 1111 1044; x_wconf 91' lang='lat' dir='ltr'><strong>lam</strong></span> <span class='ocrx_word' id='word_1_60' title='bbox 1140 1003 1209 1046; x_wconf 91' lang='lat' dir='ltr'><strong>vero</strong></span> <span class='ocrx_word' id='word_1_61' title='bbox 1236 985 1341 1064; x_wconf 93' lang='lat' dir='ltr'><strong>dispu-</strong></span> 
     </span>
     <span class='ocr_line' id='line_1_8' title="bbox 201 1082 1342 1162; baseline 0 -18"><span class='ocrx_word' id='word_1_62' title='bbox 201 1083 347 1146; x_wconf 83' lang='lat' dir='ltr'><strong>tationem</strong></span> <span class='ocrx_word' id='word_1_63' title='bbox 364 1082 507 1160; x_wconf 87' lang='lat' dir='ltr'><strong>Zingerlei</strong></span> <span class='ocrx_word' id='word_1_64' title='bbox 527 1088 556 1143; x_wconf 94' lang='lat' dir='ltr'><strong>et</strong></span> <span class='ocrx_word' id='word_1_65' title='bbox 570 1083 734 1144; x_wconf 91' lang='lat' dir='ltr'><strong>auctiorem</strong></span> <span class='ocrx_word' id='word_1_66' title='bbox 757 1083 786 1144; x_wconf 87' lang='lat' dir='ltr'><strong>et</strong></span> <span class='ocrx_word' id='word_1_67' title='bbox 806 1083 1001 1161; x_wconf 90' lang='lat' dir='ltr'><strong>patentiorem</strong></span> <span class='ocrx_word' id='word_1_68' title='bbox 1024 1083 1170 1162; x_wconf 88' lang='lat' dir='ltr'><strong>inspicere</strong></span> <span class='ocrx_word' id='word_1_69' title='bbox 1192 1084 1268 1156; x_wconf 87' lang='lat' dir='ltr'><strong>licet,</strong></span> <span class='ocrx_word' id='word_1_70' title='bbox 1291 1101 1342 1144; x_wconf 92' lang='lat' dir='ltr'><strong>re-</strong></span> 
     </span>
     <span class='ocr_line' id='line_1_9' title="bbox 201 1180 1342 1262; baseline -0.003 -19"><span class='ocrx_word' id='word_1_71' title='bbox 201 1190 315 1261; x_wconf 82' lang='lat' dir='ltr'><strong>ceptam</strong></span> <span class='ocrx_word' id='word_1_72' title='bbox 338 1181 369 1242; x_wconf 94' lang='lat' dir='ltr'><strong>in</strong></span> <span class='ocrx_word' id='word_1_73' title='bbox 391 1181 594 1242; x_wconf 87' lang='lat' dir='ltr'><strong>collectionem</strong></span> <span class='ocrx_word' id='word_1_74' title='bbox 618 1181 666 1242; x_wconf 89' lang='lat' dir='ltr'><strong>cui</strong></span> <span class='ocrx_word' id='word_1_75' title='bbox 688 1180 839 1260; x_wconf 86' lang='lat' dir='ltr'><strong>inscripsit</strong></span> <span class='ocrx_word' id='word_1_76' title='bbox 860 1181 964 1242; x_wconf 88' lang='lat' dir='ltr'><strong>Kleine</strong></span> <span class='ocrx_word' id='word_1_77' title='bbox 986 1180 1086 1262; x_wconf 91' lang='lat' dir='ltr'><strong>philol.</strong></span> <span class='ocrx_word' id='word_1_78' title='bbox 1106 1180 1342 1259; x_wconf 72' lang='lat' dir='ltr'><strong>abhandlungen</strong></span> 
     </span>
     <span class='ocr_line' id='line_1_10' title="bbox 202 1279 1342 1360; baseline -0.004 -19"><span class='ocrx_word' id='word_1_79' title='bbox 202 1279 287 1350; x_wconf 85' lang='lat'>11,1.</span> <span class='ocrx_word' id='word_1_80' title='bbox 332 1279 448 1342; x_wconf 86' lang='lat' dir='ltr'><strong>Videbis</strong></span> <span class='ocrx_word' id='word_1_81' title='bbox 471 1279 560 1341; x_wconf 91' lang='lat' dir='ltr'><strong>etiam</strong></span> <span class='ocrx_word' id='word_1_82' title='bbox 583 1280 777 1360; x_wconf 89' lang='lat' dir='ltr'><strong>appendicem</strong></span> <span class='ocrx_word' id='word_1_83' title='bbox 804 1280 945 1341; x_wconf 80' lang='lat' dir='ltr'><strong>adnexam</strong></span> <span class='ocrx_word' id='word_1_84' title='bbox 969 1279 1005 1340; x_wconf 94' lang='lat' dir='ltr'><strong>ab</strong></span> <span class='ocrx_word' id='word_1_85' title='bbox 1029 1299 1064 1340; x_wconf 94' lang='lat' dir='ltr'><strong>eo</strong></span> <span class='ocrx_word' id='word_1_86' title='bbox 1091 1298 1158 1341; x_wconf 89' lang='lat' dir='ltr'><strong>esse</strong></span> <span class='ocrx_word' id='word_1_87' title='bbox 1185 1280 1256 1341; x_wconf 92' lang='lat' dir='ltr'><strong>satis</strong></span> <span class='ocrx_word' id='word_1_88' title='bbox 1283 1279 1342 1339; x_wconf 92' lang='lat' dir='ltr'><strong>lar-</strong></span> 
     </span>
     <span class='ocr_line' id='line_1_11' title="bbox 202 1377 1342 1458; baseline -0.004 -18"><span class='ocrx_word' id='word_1_89' title='bbox 202 1397 267 1456; x_wconf 87' lang='lat' dir='ltr'><strong>gam</strong></span> <span class='ocrx_word' id='word_1_90' title='bbox 295 1378 327 1438; x_wconf 94' lang='lat' dir='ltr'><strong>in</strong></span> <span class='ocrx_word' id='word_1_91' title='bbox 355 1397 413 1458; x_wconf 86' lang='lat' dir='ltr'><strong>qua</strong></span> <span class='ocrx_word' id='word_1_92' title='bbox 445 1412 488 1422; x_wconf 95' lang='lat'>—</span> <span class='ocrx_word' id='word_1_93' title='bbox 521 1388 698 1458; x_wconf 89' lang='lat' dir='ltr'><strong>cognoverat</strong></span> <span class='ocrx_word' id='word_1_94' title='bbox 725 1379 804 1439; x_wconf 90' lang='lat' dir='ltr'><strong>enim</strong></span> <span class='ocrx_word' id='word_1_95' title='bbox 833 1395 945 1439; x_wconf 92' lang='lat' dir='ltr'><strong>novum</strong></span> <span class='ocrx_word' id='word_1_96' title='bbox 972 1397 1020 1440; x_wconf 91' lang='lat' dir='ltr'><strong>mc</strong></span> <span class='ocrx_word' id='word_1_97' title='bbox 1042 1377 1098 1438; x_wconf 87' lang='lat' dir='ltr'><strong>sibi</strong></span> <span class='ocrx_word' id='word_1_98' title='bbox 1121 1396 1185 1438; x_wconf 89' lang='lat' dir='ltr'><strong>esse</strong></span> <span class='ocrx_word' id='word_1_99' title='bbox 1207 1377 1342 1439; x_wconf 88' lang='lat' dir='ltr'><strong>adversa-</strong></span> 
     </span>
     <span class='ocr_line' id='line_1_12' title="bbox 202 1475 1344 1556; baseline -0.004 -18"><span class='ocrx_word' id='word_1_100' title='bbox 202 1475 282 1538; x_wconf 89' lang='lat' dir='ltr'><strong>rium</strong></span> <span class='ocrx_word' id='word_1_101' title='bbox 296 1511 338 1522; x_wconf 89' lang='lat'><em>-</em></span> <span class='ocrx_word' id='word_1_102' title='bbox 359 1477 499 1538; x_wconf 89' lang='lat' dir='ltr'><strong>metricae</strong></span> <span class='ocrx_word' id='word_1_103' title='bbox 515 1477 587 1538; x_wconf 92' lang='lat' dir='ltr'><strong>artis</strong></span> <span class='ocrx_word' id='word_1_104' title='bbox 609 1476 805 1538; x_wconf 83' lang='lat' dir='ltr'><strong>differentiam</strong></span> <span class='ocrx_word' id='word_1_105' title='bbox 821 1477 906 1556; x_wconf 90' lang='lat' dir='ltr'><strong>siqua</strong></span> <span class='ocrx_word' id='word_1_106' title='bbox 928 1477 965 1538; x_wconf 91' lang='lat' dir='ltr'><strong>sit</strong></span> <span class='ocrx_word' id='word_1_107' title='bbox 981 1477 1104 1537; x_wconf 92' lang='lat' dir='ltr'><strong>omnino</strong></span> <span class='ocrx_word' id='word_1_108' title='bbox 1127 1476 1227 1537; x_wconf 91' lang='lat' dir='ltr'><strong>minus</strong></span> <span class='ocrx_word' id='word_1_109' title='bbox 1248 1476 1344 1536; x_wconf 90' lang='lat' dir='ltr'><strong>valere</strong></span> 
     </span>
     <span class='ocr_line' id='line_1_13' title="bbox 203 1573 1408 1656; baseline -0.004 -19"><span class='ocrx_word' id='word_1_110' title='bbox 203 1575 355 1637; x_wconf 87' lang='lat' dir='ltr'><strong>adseverat</strong></span> <span class='ocrx_word' id='word_1_111' title='bbox 386 1595 473 1656; x_wconf 86' lang='lat' dir='ltr'><strong>quam</strong></span> <span class='ocrx_word' id='word_1_112' title='bbox 502 1575 643 1637; x_wconf 91' lang='lat' dir='ltr'><strong>orationis</strong></span> <span class='ocrx_word' id='word_1_113' title='bbox 672 1574 856 1637; x_wconf 89' lang='lat' dir='ltr'><strong>observatam</strong></span> <span class='ocrx_word' id='word_1_114' title='bbox 883 1575 1033 1654; x_wconf 92' lang='lat' dir='ltr'><strong>quandam</strong></span> <span class='ocrx_word' id='word_1_115' title='bbox 1062 1575 1107 1636; x_wconf 91' lang='lat' dir='ltr'><strong>vel</strong></span> <span class='ocrx_word' id='word_1_116' title='bbox 1137 1573 1344 1653; x_wconf 84' lang='lat' dir='ltr'><strong>cognationem</strong></span> <span class='ocrx_word' id='word_1_117' title='bbox 1407 1607 1408 1612; x_wconf 22' lang='grc' dir='ltr'><strong>κ</strong></span> 
     </span>
     <span class='ocr_line' id='line_1_14' title="bbox 206 1670 1344 1752; baseline -0.004 -17"><span class='ocrx_word' id='word_1_118' title='bbox 206 1673 250 1735; x_wconf 91' lang='lat' dir='ltr'><strong>vel</strong></span> <span class='ocrx_word' id='word_1_119' title='bbox 263 1673 497 1735; x_wconf 91' lang='lat' dir='ltr'><strong>similitudinem.</strong></span> <span class='ocrx_word' id='word_1_120' title='bbox 527 1673 678 1736; x_wconf 88' lang='lat' dir='ltr'><strong>Metricam</strong></span> <span class='ocrx_word' id='word_1_121' title='bbox 694 1674 751 1735; x_wconf 92' lang='lat' dir='ltr'><strong>iam</strong></span> <span class='ocrx_word' id='word_1_122' title='bbox 766 1674 814 1735; x_wconf 86' lang='lat' dir='ltr'><strong>hic</strong></span> <span class='ocrx_word' id='word_1_123' title='bbox 829 1691 893 1734; x_wconf 92' lang='lat' dir='ltr'><strong>rem</strong></span> <span class='ocrx_word' id='word_1_124' title='bbox 908 1681 1068 1735; x_wconf 90' lang='lat' dir='ltr'><strong>retractare</strong></span> <span class='ocrx_word' id='word_1_125' title='bbox 1083 1673 1233 1752; x_wconf 84' lang='lat' dir='ltr'><strong>displicet3</strong></span> <span class='ocrx_word' id='word_1_126' title='bbox 1249 1670 1344 1732; x_wconf 91' lang='lat' dir='ltr'><strong>claudi</strong></span> 
     </span>
     <span class='ocr_line' id='line_1_15' title="bbox 206 1768 1344 1852; baseline -0.003 -20"><span class='ocrx_word' id='word_1_127' title='bbox 206 1771 285 1832; x_wconf 90' lang='lat' dir='ltr'><strong>enim</strong></span> <span class='ocrx_word' id='word_1_128' title='bbox 319 1779 561 1852; x_wconf 90' lang='lat' dir='ltr'><strong>argumentorum</strong></span> <span class='ocrx_word' id='word_1_129' title='bbox 597 1791 702 1852; x_wconf 85' lang='lat' dir='ltr'><strong>agmen</strong></span> <span class='ocrx_word' id='word_1_130' title='bbox 736 1772 847 1834; x_wconf 89' lang='lat' dir='ltr'><strong>iuvabit</strong></span> <span class='ocrx_word' id='word_1_131' title='bbox 879 1772 1066 1833; x_wconf 86' lang='lat' dir='ltr'><strong>firmissimis.</strong></span> <span class='ocrx_word' id='word_1_132' title='bbox 1120 1768 1344 1832; x_wconf 91' lang='lat' dir='ltr'><strong>lmmorandnm</strong></span> 
     </span>
     <span class='ocr_line' id='line_1_16' title="bbox 204 1870 1345 1950; baseline -0.004 -19"><span class='ocrx_word' id='word_1_133' title='bbox 204 1871 339 1949; x_wconf 89' lang='lat' dir='ltr'><strong>quamvis</strong></span> <span class='ocrx_word' id='word_1_134' title='bbox 361 1870 488 1932; x_wconf 89' lang='lat' dir='ltr'><strong>breviter</strong></span> <span class='ocrx_word' id='word_1_135' title='bbox 510 1870 566 1932; x_wconf 89' lang='lat' dir='ltr'><strong>erit</strong></span> <span class='ocrx_word' id='word_1_136' title='bbox 587 1871 618 1931; x_wconf 89' lang='lat' dir='ltr'><strong>in</strong></span> <span class='ocrx_word' id='word_1_137' title='bbox 641 1871 784 1932; x_wconf 89' lang='lat' dir='ltr'><strong>orationis</strong></span> <span class='ocrx_word' id='word_1_138' title='bbox 812 1870 859 1932; x_wconf 88' lang='lat' dir='ltr'><strong>illa</strong></span> <span class='ocrx_word' id='word_1_139' title='bbox 883 1871 1057 1950; x_wconf 84' lang='lat' dir='ltr'><strong>cognatione</strong></span> <span class='ocrx_word' id='word_1_140' title='bbox 1081 1887 1156 1949; x_wconf 91' lang='lat' dir='ltr'><strong>quae</strong></span> <span class='ocrx_word' id='word_1_141' title='bbox 1186 1887 1253 1929; x_wconf 92' lang='lat' dir='ltr'><strong>cum</strong></span> <span class='ocrx_word' id='word_1_142' title='bbox 1275 1885 1345 1928; x_wconf 88' lang='lat' dir='ltr'><strong>vero</strong></span> 
     </span>
     <span class='ocr_line' id='line_1_17' title="bbox 205 1965 1345 2048; baseline -0.002 -21"><span class='ocrx_word' id='word_1_143' title='bbox 205 1967 308 2028; x_wconf 84' lang='lat' dir='ltr'><strong>Ouidio</strong></span> <span class='ocrx_word' id='word_1_144' title='bbox 331 1968 379 2041; x_wconf 87' lang='lat' dir='ltr'><strong>sit,</strong></span> <span class='ocrx_word' id='word_1_145' title='bbox 403 1977 435 2030; x_wconf 90' lang='lat' dir='ltr'><strong>ut</strong></span> <span class='ocrx_word' id='word_1_146' title='bbox 457 1968 526 2048; x_wconf 86' lang='lat' dir='ltr'><strong>quid</strong></span> <span class='ocrx_word' id='word_1_147' title='bbox 549 1969 641 2030; x_wconf 91' lang='lat' dir='ltr'><strong>valeat</strong></span> <span class='ocrx_word' id='word_1_148' title='bbox 663 1988 696 2030; x_wconf 95' lang='lat' dir='ltr'><strong>ea</strong></span> <span class='ocrx_word' id='word_1_149' title='bbox 718 1970 837 2030; x_wconf 83' lang='lat' dir='ltr'><strong>sentias</strong></span> <span class='ocrx_word' id='word_1_150' title='bbox 880 1969 993 2030; x_wconf 83' lang='lat' dir='ltr'><strong>Accidit</strong></span> <span class='ocrx_word' id='word_1_151' title='bbox 1016 1969 1097 2030; x_wconf 93' lang='lat' dir='ltr'><strong>enim</strong></span> <span class='ocrx_word' id='word_1_152' title='bbox 1114 1967 1263 2028; x_wconf 84' lang='lat' dir='ltr'><strong>defensori</strong></span> <span class='ocrx_word' id='word_1_153' title='bbox 1279 1965 1345 2045; x_wconf 92' lang='lat' dir='ltr'><strong>quia</strong></span> 
     </span>
     <span class='ocr_line' id='line_1_18' title="bbox 206 2064 1345 2148; baseline -0.003 -23"><span class='ocrx_word' id='word_1_154' title='bbox 206 2065 327 2126; x_wconf 93' lang='lat' dir='ltr'><strong>omnino</strong></span> <span class='ocrx_word' id='word_1_155' title='bbox 361 2084 423 2127; x_wconf 93' lang='lat' dir='ltr'><strong>non</strong></span> <span class='ocrx_word' id='word_1_156' title='bbox 455 2066 581 2129; x_wconf 89' lang='lat' dir='ltr'><strong>habebat</strong></span> <span class='ocrx_word' id='word_1_157' title='bbox 614 2074 717 2129; x_wconf 91' lang='lat' dir='ltr'><strong>contra</strong></span> <span class='ocrx_word' id='word_1_158' title='bbox 751 2087 840 2148; x_wconf 92' lang='lat' dir='ltr'><strong>quem</strong></span> <span class='ocrx_word' id='word_1_159' title='bbox 867 2073 1013 2146; x_wconf 91' lang='lat' dir='ltr'><strong>pugnaret</strong></span> <span class='ocrx_word' id='word_1_160' title='bbox 1047 2072 1081 2127; x_wconf 91' lang='lat' dir='ltr'><strong>ut</strong></span> <span class='ocrx_word' id='word_1_161' title='bbox 1113 2064 1345 2127; x_wconf 89' lang='lat' dir='ltr'><strong>considerantiae</strong></span> 
     </span>
     <span class='ocr_line' id='line_1_19' title="bbox 205 2161 1344 2244; baseline -0.003 -20"><span class='ocrx_word' id='word_1_162' title='bbox 205 2182 275 2224; x_wconf 90' lang='lat' dir='ltr'><strong>suae</strong></span> <span class='ocrx_word' id='word_1_163' title='bbox 298 2164 454 2244; x_wconf 89' lang='lat' dir='ltr'><strong>studioque</strong></span> <span class='ocrx_word' id='word_1_164' title='bbox 478 2165 600 2226; x_wconf 91' lang='lat' dir='ltr'><strong>cavendi</strong></span> <span class='ocrx_word' id='word_1_165' title='bbox 622 2165 710 2226; x_wconf 91' lang='lat' dir='ltr'><strong>nimis</strong></span> <span class='ocrx_word' id='word_1_166' title='bbox 732 2183 853 2244; x_wconf 92' lang='lat' dir='ltr'><strong>parcere</strong></span> <span class='ocrx_word' id='word_1_167' title='bbox 876 2166 1005 2238; x_wconf 84' lang='lat' dir='ltr'><strong>auderet,</strong></span> <span class='ocrx_word' id='word_1_168' title='bbox 1029 2163 1157 2243; x_wconf 90' lang='lat' dir='ltr'><strong>probans</strong></span> <span class='ocrx_word' id='word_1_169' title='bbox 1180 2163 1209 2223; x_wconf 92' lang='lat' dir='ltr'><strong>id</strong></span> <span class='ocrx_word' id='word_1_170' title='bbox 1225 2161 1344 2241; x_wconf 91' lang='lat' dir='ltr'><strong>quidem</strong></span> 
     </span>
     <span class='ocr_line' id='line_1_20' title="bbox 205 2261 1347 2340; baseline -0.003 -18"><span class='ocrx_word' id='word_1_171' title='bbox 205 2261 280 2322; x_wconf 91' lang='lat' dir='ltr'><strong>nihil</strong></span> <span class='ocrx_word' id='word_1_172' title='bbox 302 2281 366 2323; x_wconf 89' lang='lat' dir='ltr'><strong>esse</strong></span> <span class='ocrx_word' id='word_1_173' title='bbox 389 2281 441 2323; x_wconf 94' lang='lat' dir='ltr'><strong>cur</strong></span> <span class='ocrx_word' id='word_1_174' title='bbox 464 2263 546 2325; x_wconf 87' lang='lat' dir='ltr'><strong>Grati</strong></span> <span class='ocrx_word' id='word_1_175' title='bbox 569 2283 634 2325; x_wconf 89' lang='lat' dir='ltr'><strong>esse</strong></span> <span class='ocrx_word' id='word_1_176' title='bbox 657 2262 817 2324; x_wconf 91' lang='lat' dir='ltr'><strong>Halieutica</strong></span> <span class='ocrx_word' id='word_1_177' title='bbox 841 2269 1041 2324; x_wconf 87' lang='lat' dir='ltr'><strong>statueremus</strong></span> <span class='ocrx_word' id='word_1_178' title='bbox 1065 2265 1104 2340; x_wconf 88' lang='lat' dir='ltr'><strong>(p.</strong></span> <span class='ocrx_word' id='word_1_179' title='bbox 1130 2261 1169 2322; x_wconf 84' lang='lat'><strong>35</strong></span> <span class='ocrx_word' id='word_1_180' title='bbox 1182 2263 1270 2340; x_wconf 66' lang='lat' dir='ltr'><strong>squ),</strong></span> <span class='ocrx_word' id='word_1_181' title='bbox 1294 2278 1347 2320; x_wconf 91' lang='lat' dir='ltr'><strong>ce-</strong></span> 
     </span>
     <span class='ocr_line' id='line_1_21' title="bbox 205 2357 1346 2438; baseline -0.003 -18"><span class='ocrx_word' id='word_1_182' title='bbox 205 2368 304 2420; x_wconf 89' lang='lat' dir='ltr'><strong>terum</strong></span> <span class='ocrx_word' id='word_1_183' title='bbox 328 2360 405 2422; x_wconf 91' lang='lat' dir='ltr'><strong>serio</strong></span> <span class='ocrx_word' id='word_1_184' title='bbox 433 2361 549 2422; x_wconf 90' lang='lat' dir='ltr'><strong>irruens</strong></span> <span class='ocrx_word' id='word_1_185' title='bbox 577 2361 609 2422; x_wconf 93' lang='lat' dir='ltr'><strong>in</strong></span> <span class='ocrx_word' id='word_1_186' title='bbox 637 2362 835 2423; x_wconf 89' lang='lat' dir='ltr'><strong>adversarium</strong></span> <span class='ocrx_word' id='word_1_187' title='bbox 863 2361 945 2422; x_wconf 92' lang='lat' dir='ltr'><strong>illum</strong></span> <span class='ocrx_word' id='word_1_188' title='bbox 976 2360 1011 2420; x_wconf 88' lang='lat' dir='ltr'><strong>ab</strong></span> <span class='ocrx_word' id='word_1_189' title='bbox 1040 2359 1167 2438; x_wconf 90' lang='lat' dir='ltr'><strong>Hauptio</strong></span> <span class='ocrx_word' id='word_1_190' title='bbox 1197 2358 1244 2418; x_wconf 83' lang='lat' dir='ltr'><strong>vix</strong></span> <span class='ocrx_word' id='word_1_191' title='bbox 1270 2357 1346 2419; x_wconf 90' lang='lat' dir='ltr'><strong>serio</strong></span> 
     </span>
     <span class='ocr_line' id='line_1_22' title="bbox 206 2457 1347 2537; baseline -0.002 -20"><span class='ocrx_word' id='word_1_192' title='bbox 206 2457 307 2518; x_wconf 91' lang='lat' dir='ltr'><strong>lictum</strong></span> <span class='ocrx_word' id='word_1_193' title='bbox 331 2457 381 2536; x_wconf 90' lang='lat' dir='ltr'><strong>qui</strong></span> <span class='ocrx_word' id='word_1_194' title='bbox 403 2459 544 2520; x_wconf 93' lang='lat' dir='ltr'><strong>amissum</strong></span> <span class='ocrx_word' id='word_1_195' title='bbox 567 2459 650 2520; x_wconf 89' lang='lat' dir='ltr'><strong>Ovidi</strong></span> <span class='ocrx_word' id='word_1_196' title='bbox 673 2478 791 2520; x_wconf 92' lang='lat' dir='ltr'><strong>carmen</strong></span> <span class='ocrx_word' id='word_1_197' title='bbox 814 2468 843 2520; x_wconf 84' lang='lat' dir='ltr'><strong>et</strong></span> <span class='ocrx_word' id='word_1_198' title='bbox 865 2459 941 2518; x_wconf 85' lang='lat' dir='ltr'><strong>Plini</strong></span> <span class='ocrx_word' id='word_1_199' title='bbox 964 2477 1019 2537; x_wconf 90' lang='lat' dir='ltr'><strong>ope</strong></span> <span class='ocrx_word' id='word_1_200' title='bbox 1041 2457 1185 2518; x_wconf 86' lang='lat' dir='ltr'><strong>relectum</strong></span> <span class='ocrx_word' id='word_1_201' title='bbox 1208 2476 1224 2517; x_wconf 92' lang='lat' dir='ltr'><strong>a</strong></span> <span class='ocrx_word' id='word_1_202' title='bbox 1246 2461 1347 2535; x_wconf 92' lang='lat' dir='ltr'><strong>poste-</strong></span> 
     </span>
     <span class='ocr_line' id='line_1_23' title="bbox 207 2552 1349 2637; baseline -0.001 -22"><span class='ocrx_word' id='word_1_203' title='bbox 207 2556 286 2616; x_wconf 92' lang='lat' dir='ltr'><strong>riore</strong></span> <span class='ocrx_word' id='word_1_204' title='bbox 314 2555 434 2617; x_wconf 94' lang='lat' dir='ltr'><strong>homine</strong></span> <span class='ocrx_word' id='word_1_205' title='bbox 463 2576 527 2618; x_wconf 90' lang='lat' dir='ltr'><strong>esse</strong></span> <span class='ocrx_word' id='word_1_206' title='bbox 555 2557 734 2637; x_wconf 89' lang='lat' dir='ltr'><strong>opinaretur.</strong></span> <span class='ocrx_word' id='word_1_207' title='bbox 790 2556 874 2618; x_wconf 89' lang='lat' dir='ltr'><strong>Vicit.</strong></span> <span class='ocrx_word' id='word_1_208' title='bbox 910 2556 996 2628; x_wconf 89' lang='lat' dir='ltr'><strong>Quod</strong></span> <span class='ocrx_word' id='word_1_209' title='bbox 1023 2564 1124 2618; x_wconf 89' lang='lat' dir='ltr'><strong>tamen</strong></span> <span class='ocrx_word' id='word_1_210' title='bbox 1153 2555 1189 2616; x_wconf 92' lang='lat' dir='ltr'><strong>ad</strong></span> <span class='ocrx_word' id='word_1_211' title='bbox 1217 2573 1265 2615; x_wconf 91' lang='lat' dir='ltr'><strong>me</strong></span> <span class='ocrx_word' id='word_1_212' title='bbox 1293 2552 1349 2614; x_wconf 91' lang='lat' dir='ltr'><strong>hoc</strong></span> 
     </span>
     <span class='ocr_line' id='line_1_24' title="bbox 206 2651 1348 2735; baseline -0.003 -21"><span class='ocrx_word' id='word_1_213' title='bbox 206 2655 271 2715; x_wconf 92' lang='lat' dir='ltr'><strong>loco</strong></span> <span class='ocrx_word' id='word_1_214' title='bbox 294 2671 357 2715; x_wconf 90' lang='lat' dir='ltr'><strong>non</strong></span> <span class='ocrx_word' id='word_1_215' title='bbox 378 2655 543 2733; x_wconf 90' lang='lat' dir='ltr'><strong>pertineret</strong></span> <span class='ocrx_word' id='word_1_216' title='bbox 565 2655 622 2716; x_wconf 91' lang='lat' dir='ltr'><strong>nisi</strong></span> <span class='ocrx_word' id='word_1_217' title='bbox 643 2655 793 2735; x_wconf 90' lang='lat' dir='ltr'><strong>pertinere</strong></span> <span class='ocrx_word' id='word_1_218' title='bbox 817 2655 853 2715; x_wconf 93' lang='lat' dir='ltr'><strong>ad</strong></span> <span class='ocrx_word' id='word_1_219' title='bbox 876 2672 923 2714; x_wconf 92' lang='lat' dir='ltr'><strong>me</strong></span> <span class='ocrx_word' id='word_1_220' title='bbox 947 2654 990 2714; x_wconf 94' lang='lat' dir='ltr'><strong>vir</strong></span> <span class='ocrx_word' id='word_1_221' title='bbox 1010 2654 1113 2715; x_wconf 93' lang='lat' dir='ltr'><strong>doctus</strong></span> <span class='ocrx_word' id='word_1_222' title='bbox 1135 2653 1167 2714; x_wconf 94' lang='lat' dir='ltr'><strong>in</strong></span> <span class='ocrx_word' id='word_1_223' title='bbox 1189 2651 1348 2732; x_wconf 90' lang='lat' dir='ltr'><strong>appendice</strong></span> 
     </span>
     <span class='ocr_line' id='line_1_25' title="bbox 207 2752 1349 2832; baseline -0.003 -19"><span class='ocrx_word' id='word_1_224' title='bbox 207 2752 351 2814; x_wconf 89' lang='lat' dir='ltr'><strong>iussisset.</strong></span> <span class='ocrx_word' id='word_1_225' title='bbox 395 2753 488 2832; x_wconf 86' lang='lat' dir='ltr'><strong>Igitur</strong></span> <span class='ocrx_word' id='word_1_226' title='bbox 509 2754 672 2815; x_wconf 90' lang='lat' dir='ltr'><strong>audiamus.</strong></span> <span class='ocrx_word' id='word_1_227' title='bbox 717 2753 822 2813; x_wconf 89' lang='lat' dir='ltr'><strong>Ovidio</strong></span> <span class='ocrx_word' id='word_1_228' title='bbox 846 2752 918 2831; x_wconf 89' lang='lat' dir='ltr'><strong>eripi</strong></span> <span class='ocrx_word' id='word_1_229' title='bbox 941 2752 1102 2813; x_wconf 89' lang='lat' dir='ltr'><strong>Halieutica</strong></span> <span class='ocrx_word' id='word_1_230' title='bbox 1131 2770 1219 2831; x_wconf 91' lang='lat' dir='ltr'><strong>posse</strong></span> <span class='ocrx_word' id='word_1_231' title='bbox 1241 2768 1349 2830; x_wconf 90' lang='lat' dir='ltr'><strong>perne·</strong></span> 
     </span>
     <span class='ocr_line' id='line_1_26' title="bbox 208 2849 1350 2931; baseline -0.004 -19"><span class='ocrx_word' id='word_1_232' title='bbox 208 2858 258 2929; x_wconf 91' lang='lat' dir='ltr'><strong>gat</strong></span> <span class='ocrx_word' id='word_1_233' title='bbox 283 2852 360 2912; x_wconf 88' lang='lat' dir='ltr'><strong>hane</strong></span> <span class='ocrx_word' id='word_1_234' title='bbox 386 2869 533 2912; x_wconf 91' lang='lat' dir='ltr'><strong>summam</strong></span> <span class='ocrx_word' id='word_1_235' title='bbox 560 2859 681 2931; x_wconf 92' lang='lat' dir='ltr'><strong>propter</strong></span> <span class='ocrx_word' id='word_1_236' title='bbox 710 2869 826 2912; x_wconf 89' lang='lat' dir='ltr'><strong>causam</strong></span> <span class='ocrx_word' id='word_1_237' title='bbox 856 2850 925 2930; x_wconf 92' lang='lat' dir='ltr'><strong>quia</strong></span> <span class='ocrx_word' id='word_1_238' title='bbox 958 2859 986 2911; x_wconf 92' lang='lat' dir='ltr'><strong>et</strong></span> <span class='ocrx_word' id='word_1_239' title='bbox 1013 2870 1069 2912; x_wconf 91' lang='lat' dir='ltr'><strong>sua</strong></span> <span class='ocrx_word' id='word_1_240' title='bbox 1097 2849 1184 2911; x_wconf 91' lang='lat' dir='ltr'><strong>verba</strong></span> <span class='ocrx_word' id='word_1_241' title='bbox 1216 2857 1350 2929; x_wconf 89' lang='lat' dir='ltr'><strong>repetere</strong></span> 
     </span>
     <span class='ocr_line' id='line_1_27' title="bbox 171 2947 1351 3029; baseline -0.003 -20"><span class='ocrx_word' id='word_1_242' title='bbox 171 2964 173 2968; x_wconf 84' lang='lat'>·</span> <span class='ocrx_word' id='word_1_243' title='bbox 208 2950 323 3010; x_wconf 87' lang='lat' dir='ltr'><strong>amasse</strong></span> <span class='ocrx_word' id='word_1_244' title='bbox 347 2948 483 3010; x_wconf 90' lang='lat' dir='ltr'><strong>Ovidium</strong></span> <span class='ocrx_word' id='word_1_245' title='bbox 507 2956 624 3010; x_wconf 88' lang='lat' dir='ltr'><strong>constet</strong></span> <span class='ocrx_word' id='word_1_246' title='bbox 651 2957 680 3010; x_wconf 90' lang='lat' dir='ltr'><strong>et</strong></span> <span class='ocrx_word' id='word_1_247' title='bbox 702 2967 809 3010; x_wconf 91' lang='lat' dir='ltr'><strong>novem</strong></span> <span class='ocrx_word' id='word_1_248' title='bbox 837 2948 899 3010; x_wconf 86' lang='lat' dir='ltr'><strong>tere</strong></span> <span class='ocrx_word' id='word_1_249' title='bbox 921 2949 952 3008; x_wconf 95' lang='lat' dir='ltr'><strong>in</strong></span> <span class='ocrx_word' id='word_1_250' title='bbox 981 2949 1054 3029; x_wconf 93' lang='lat' dir='ltr'><strong>ipsis</strong></span> <span class='ocrx_word' id='word_1_251' title='bbox 1080 2947 1247 3009; x_wconf 90' lang='lat' dir='ltr'><strong>Halieuticls</strong></span> <span class='ocrx_word' id='word_1_252' title='bbox 1279 2948 1351 3007; x_wconf 89' lang='lat' dir='ltr'><strong>flos-</strong></span> 
     </span>
     <span class='ocr_line' id='line_1_28' title="bbox 209 3046 1063 3128; baseline 0 -21"><span class='ocrx_word' id='word_1_253' title='bbox 209 3047 268 3108; x_wconf 92' lang='lat' dir='ltr'><strong>culi</strong></span> <span class='ocrx_word' id='word_1_254' title='bbox 290 3046 423 3108; x_wconf 89' lang='lat' dir='ltr'><strong>Ovidiaui</strong></span> <span class='ocrx_word' id='word_1_255' title='bbox 444 3047 640 3126; x_wconf 86' lang='lat' dir='ltr'><strong>reperiantur.</strong></span> <span class='ocrx_word' id='word_1_256' title='bbox 685 3047 885 3128; x_wconf 89' lang='lat' dir='ltr'><strong>Comparanda</strong></span> <span class='ocrx_word' id='word_1_257' title='bbox 906 3047 1063 3127; x_wconf 91' lang='lat' dir='ltr'><strong>proponit:</strong></span> 
     </span>
    </p>
   </div>
   <div class='ocr_carea' id='block_1_3' title="bbox 209 3206 1350 3403">
    <p class='ocr_par' dir='ltr' id='par_1_3' title="bbox 209 3206 1350 3403">
     <span class='ocr_line' id='line_1_29' title="bbox 209 3206 1350 3289; baseline -0.003 -22"><span class='ocrx_word' id='word_1_258' title='bbox 209 3206 272 3268; x_wconf 89' lang='lat' dir='ltr'><strong>Hal.</strong></span> <span class='ocrx_word' id='word_1_259' title='bbox 296 3206 350 3268; x_wconf 82' lang='lat'><strong>78:</strong></span> <span class='ocrx_word' id='word_1_260' title='bbox 373 3207 417 3268; x_wconf 84' lang='lat' dir='ltr'><strong>Et</strong></span> <span class='ocrx_word' id='word_1_261' title='bbox 439 3225 540 3269; x_wconf 92' lang='lat' dir='ltr'><strong>nunc</strong></span> <span class='ocrx_word' id='word_1_262' title='bbox 562 3207 724 3270; x_wconf 90' lang='lat' dir='ltr'><strong>demisso</strong></span> <span class='ocrx_word' id='word_1_263' title='bbox 747 3215 937 3289; x_wconf 87' lang='lat' dir='ltr'><strong>quaerunt</strong></span> <span class='ocrx_word' id='word_1_264' title='bbox 959 3207 1120 3287; x_wconf 89' lang='lat' dir='ltr'><strong>vestigia</strong></span> <span class='ocrx_word' id='word_1_265' title='bbox 1142 3215 1266 3268; x_wconf 89' lang='lat' dir='ltr'><strong>rostro</strong></span> <span class='ocrx_word' id='word_1_266' title='bbox 1283 3222 1350 3266; x_wconf 92' lang='lat' dir='ltr'><strong>cum</strong></span> 
     </span>
     <span class='ocr_line' id='line_1_30' title="bbox 210 3305 1217 3403; baseline -0.002 -37"><span class='ocrx_word' id='word_1_267' title='bbox 210 3393 216 3403; x_wconf 18' lang='grc' dir='ltr'><strong><em>ἡ</em></strong></span> <span class='ocrx_word' id='word_1_268' title='bbox 252 3305 326 3366; x_wconf 50' lang='lat' dir='ltr'><strong>Meta</strong></span> <span class='ocrx_word' id='word_1_269' title='bbox 344 3305 364 3378; x_wconf 88' lang='lat'><strong>1,</strong></span> <span class='ocrx_word' id='word_1_270' title='bbox 388 3305 464 3366; x_wconf 82' lang='lat'>536:</span> <span class='ocrx_word' id='word_1_271' title='bbox 489 3314 523 3367; x_wconf 91' lang='lat' dir='ltr'><strong>et</strong></span> <span class='ocrx_word' id='word_1_272' title='bbox 544 3315 700 3367; x_wconf 87' lang='lat' dir='ltr'><strong>extento</strong></span> <span class='ocrx_word' id='word_1_273' title='bbox 722 3307 880 3382; x_wconf 86' lang='lat' dir='ltr'><strong>stringit</strong></span> <span class='ocrx_word' id='word_1_274' title='bbox 901 3305 1060 3384; x_wconf 89' lang='lat' dir='ltr'><strong>vestigia</strong></span> <span class='ocrx_word' id='word_1_275' title='bbox 1082 3312 1217 3365; x_wconf 90' lang='lat' dir='ltr'><strong>rostro.</strong></span> 
     </span>
    </p>
   </div>
   <div class='ocr_carea' id='block_1_4' title="bbox 211 3437 1352 3607">
    <p class='ocr_par' dir='ltr' id='par_1_4' title="bbox 211 3437 1352 3607">
     <span class='ocr_line' id='line_1_31' title="bbox 211 3437 1352 3517; baseline -0.001 -19"><span class='ocrx_word' id='word_1_276' title='bbox 211 3439 273 3499; x_wconf 90' lang='lat' dir='ltr'><strong>Hal.</strong></span> <span class='ocrx_word' id='word_1_277' title='bbox 297 3439 331 3498; x_wconf 77' lang='lat' dir='ltr'><strong>d:</strong></span> <span class='ocrx_word' id='word_1_278' title='bbox 361 3438 417 3498; x_wconf 92' lang='lat' dir='ltr'><strong>sic</strong></span> <span class='ocrx_word' id='word_1_279' title='bbox 439 3440 560 3500; x_wconf 89' lang='lat' dir='ltr'><strong>evolat</strong></span> <span class='ocrx_word' id='word_1_280' title='bbox 589 3440 667 3500; x_wconf 91' lang='lat' dir='ltr'><strong>ales</strong></span> <span class='ocrx_word' id='word_1_281' title='bbox 702 3458 767 3500; x_wconf 95' lang='lat' dir='ltr'><strong>cum</strong></span> <span class='ocrx_word' id='word_1_282' title='bbox 798 3439 829 3497; x_wconf 77' lang='lat' dir='ltr'><strong>A.</strong></span> <span class='ocrx_word' id='word_1_283' title='bbox 859 3437 891 3497; x_wconf 87' lang='grc' dir='ltr'><strong>Α.</strong></span> <span class='ocrx_word' id='word_1_284' title='bbox 920 3439 955 3511; x_wconf 90' lang='grc' dir='ltr'><strong>ΙΙ,</strong></span> <span class='ocrx_word' id='word_1_285' title='bbox 986 3437 1024 3498; x_wconf 88' lang='grc'><strong>19</strong></span> <span class='ocrx_word' id='word_1_286' title='bbox 1059 3438 1193 3517; x_wconf 89' lang='lat' dir='ltr'><strong>quibus</strong></span> <span class='ocrx_word' id='word_1_287' title='bbox 1228 3439 1352 3500; x_wconf 86' lang='lat' dir='ltr'><strong>avolet</strong></span> 
     </span>
     <span class='ocr_line' id='line_1_32' title="bbox 254 3535 1010 3607; baseline -0.004 -10"><span class='ocrx_word' id='word_1_288' title='bbox 254 3535 333 3597; x_wconf 92' lang='lat' dir='ltr'><strong>alas</strong></span> <span class='ocrx_word' id='word_1_289' title='bbox 357 3542 386 3596; x_wconf 91' lang='lat' dir='ltr'><strong>et</strong></span> <span class='ocrx_word' id='word_1_290' title='bbox 408 3537 476 3596; x_wconf 89' lang='lat' dir='ltr'><strong>Met.</strong></span> <span class='ocrx_word' id='word_1_291' title='bbox 498 3537 520 3607; x_wconf 93' lang='grc' dir='ltr'><strong>Ι,</strong></span> <span class='ocrx_word' id='word_1_292' title='bbox 545 3535 620 3596; x_wconf 79' lang='lat'><strong>264:</strong></span> <span class='ocrx_word' id='word_1_293' title='bbox 646 3535 763 3596; x_wconf 91' lang='lat' dir='ltr'><strong>Notus</strong></span> <span class='ocrx_word' id='word_1_294' title='bbox 786 3535 911 3595; x_wconf 90' lang='lat' dir='ltr'><strong>evolat</strong></span> <span class='ocrx_word' id='word_1_295' title='bbox 932 3536 1010 3597; x_wconf 91' lang='lat' dir='ltr'><strong>alis.</strong></span> 
     </span>
    </p>
   </div>
   <div class='ocr_carea' id='block_1_5' title="bbox 212 3666 1352 3847">
    <p class='ocr_par' dir='ltr' id='par_1_5' title="bbox 212 3666 1352 3847">
     <span class='ocr_line' id='line_1_33' title="bbox 212 3666 1352 3747; baseline -0.001 -18"><span class='ocrx_word' id='word_1_296' title='bbox 212 3668 275 3730; x_wconf 92' lang='lat' dir='ltr'><strong>Hal.</strong></span> <span class='ocrx_word' id='word_1_297' title='bbox 301 3671 356 3730; x_wconf 80' lang='lat'><strong>54.-</strong></span> <span class='ocrx_word' id='word_1_298' title='bbox 379 3676 415 3730; x_wconf 91' lang='lat' dir='ltr'><strong>et</strong></span> <span class='ocrx_word' id='word_1_299' title='bbox 436 3669 607 3729; x_wconf 91' lang='lat' dir='ltr'><strong>adversis</strong></span> <span class='ocrx_word' id='word_1_300' title='bbox 630 3666 748 3728; x_wconf 90' lang='lat' dir='ltr'><strong>infert</strong></span> <span class='ocrx_word' id='word_1_301' title='bbox 771 3686 833 3728; x_wconf 92' lang='lat' dir='ltr'><strong>sua</strong></span> <span class='ocrx_word' id='word_1_302' title='bbox 856 3674 1008 3747; x_wconf 92' lang='lat' dir='ltr'><strong>pectora</strong></span> <span class='ocrx_word' id='word_1_303' title='bbox 1031 3668 1118 3729; x_wconf 89' lang='lat' dir='ltr'><strong>telis</strong></span> <span class='ocrx_word' id='word_1_304' title='bbox 1141 3686 1209 3730; x_wconf 92' lang='lat' dir='ltr'><strong>cum</strong></span> <span class='ocrx_word' id='word_1_305' title='bbox 1230 3668 1294 3729; x_wconf 82' lang='lat' dir='ltr'><strong>dm.</strong></span> <span class='ocrx_word' id='word_1_306' title='bbox 1318 3668 1352 3739; x_wconf 93' lang='grc' dir='ltr'><strong>ΙΙ,</strong></span> 
     </span>
     <span class='ocr_line' id='line_1_34' title="bbox 258 3765 1225 3847; baseline 0.001 -21"><span class='ocrx_word' id='word_1_307' title='bbox 258 3768 305 3840; x_wconf 88' lang='grc'><strong>10,</strong></span> <span class='ocrx_word' id='word_1_308' title='bbox 322 3767 377 3827; x_wconf 82' lang='lat'><strong>31:</strong></span> <span class='ocrx_word' id='word_1_309' title='bbox 402 3766 535 3827; x_wconf 87' lang='lat' dir='ltr'><strong>lnduat</strong></span> <span class='ocrx_word' id='word_1_310' title='bbox 556 3765 724 3826; x_wconf 91' lang='lat' dir='ltr'><strong>adversis</strong></span> <span class='ocrx_word' id='word_1_311' title='bbox 747 3766 934 3827; x_wconf 90' lang='lat' dir='ltr'><strong>contraria</strong></span> <span class='ocrx_word' id='word_1_312' title='bbox 957 3774 1108 3847; x_wconf 90' lang='lat' dir='ltr'><strong>pectora</strong></span> <span class='ocrx_word' id='word_1_313' title='bbox 1131 3767 1225 3829; x_wconf 87' lang='lat' dir='ltr'><strong>telis.</strong></span> 
     </span>
    </p>
   </div>
   <div class='ocr_carea' id='block_1_6' title="bbox 150 3897 1352 4176">
    <p class='ocr_par' dir='ltr' id='par_1_6' title="bbox 150 3897 1352 4176">
     <span class='ocr_line' id='line_1_35' title="bbox 213 3897 1352 3978; baseline -0.003 -18"><span class='ocrx_word' id='word_1_314' title='bbox 213 3900 277 3961; x_wconf 88' lang='lat' dir='ltr'><strong>Hal.</strong></span> <span class='ocrx_word' id='word_1_315' title='bbox 301 3900 357 3961; x_wconf 82' lang='lat'><strong>59:</strong></span> <span class='ocrx_word' id='word_1_316' title='bbox 380 3899 476 3973; x_wconf 85' lang='lat' dir='ltr'><strong>Quid</strong></span> <span class='ocrx_word' id='word_1_317' title='bbox 499 3899 575 3960; x_wconf 86' lang='lat' dir='ltr'><strong>nisi</strong></span> <span class='ocrx_word' id='word_1_318' title='bbox 596 3901 746 3978; x_wconf 92' lang='lat' dir='ltr'><strong>pondus</strong></span> <span class='ocrx_word' id='word_1_319' title='bbox 767 3900 866 3961; x_wconf 90' lang='lat' dir='ltr'><strong>iners</strong></span> <span class='ocrx_word' id='word_1_320' title='bbox 888 3919 955 3962; x_wconf 91' lang='lat' dir='ltr'><strong>cnm</strong></span> <span class='ocrx_word' id='word_1_321' title='bbox 978 3900 1046 3963; x_wconf 87' lang='lat' dir='ltr'><strong>Met.</strong></span> <span class='ocrx_word' id='word_1_322' title='bbox 1061 3901 1082 3972; x_wconf 91' lang='lat'><strong>1,</strong></span> <span class='ocrx_word' id='word_1_323' title='bbox 1099 3899 1132 3961; x_wconf 81' lang='lat'><strong>8:</strong></span> <span class='ocrx_word' id='word_1_324' title='bbox 1156 3899 1228 3960; x_wconf 90' lang='lat' dir='ltr'><strong>Nec</strong></span> <span class='ocrx_word' id='word_1_325' title='bbox 1249 3897 1352 3976; x_wconf 91' lang='lat' dir='ltr'><strong>quic-</strong></span> 
     </span>
     <span class='ocr_line' id='line_1_36' title="bbox 150 3993 1352 4078; baseline -0.006 -18"><span class='ocrx_word' id='word_1_326' title='bbox 150 4040 152 4045; x_wconf 88' lang='lat'>·</span> <span class='ocrx_word' id='word_1_327' title='bbox 256 4017 363 4078; x_wconf 91' lang='lat' dir='ltr'><strong>quam</strong></span> <span class='ocrx_word' id='word_1_328' title='bbox 396 3999 471 4059; x_wconf 88' lang='lat' dir='ltr'><strong>nisi</strong></span> <span class='ocrx_word' id='word_1_329' title='bbox 504 3999 650 4078; x_wconf 91' lang='lat' dir='ltr'><strong>pondus</strong></span> <span class='ocrx_word' id='word_1_330' title='bbox 681 3998 783 4060; x_wconf 87' lang='lat' dir='ltr'><strong>iners</strong></span> <span class='ocrx_word' id='word_1_331' title='bbox 816 4007 845 4060; x_wconf 90' lang='lat' dir='ltr'><strong>et</strong></span> <span class='ocrx_word' id='word_1_332' title='bbox 876 3998 909 4058; x_wconf 83' lang='grc' dir='ltr'><strong>Α.</strong></span> <span class='ocrx_word' id='word_1_333' title='bbox 938 4001 971 4059; x_wconf 89' lang='grc' dir='ltr'><strong>Α.</strong></span> <span class='ocrx_word' id='word_1_334' title='bbox 1005 3999 1053 4072; x_wconf 88' lang='grc' dir='ltr'>ΙΙΙ,</span> <span class='ocrx_word' id='word_1_335' title='bbox 1087 3997 1164 4057; x_wconf 83' lang='lat'><strong>220:</strong></span> <span class='ocrx_word' id='word_1_336' title='bbox 1198 3993 1352 4056; x_wconf 90' lang='lat' dir='ltr'><strong>Pondus</strong></span> 
     </span>
     <span class='ocr_line' id='line_1_37' title="bbox 256 4096 577 4176; baseline 0.006 -20"><span class='ocrx_word' id='word_1_337' title='bbox 256 4096 357 4158; x_wconf 92' lang='lat' dir='ltr'><strong>iners</strong></span> <span class='ocrx_word' id='word_1_338' title='bbox 380 4097 577 4176; x_wconf 90' lang='lat' dir='ltr'><strong>quondam.</strong></span> 
     </span>
    </p>
   </div>
   <div class='ocr_carea' id='block_1_7' title="bbox 216 4220 1354 4501">
    <p class='ocr_par' dir='ltr' id='par_1_7' title="bbox 216 4220 1354 4501">
     <span class='ocr_line' id='line_1_38' title="bbox 216 4220 1354 4304; baseline -0.007 -18"><span class='ocrx_word' id='word_1_339' title='bbox 216 4226 276 4288; x_wconf 89' lang='lat' dir='ltr'><strong>Hal.</strong></span> <span class='ocrx_word' id='word_1_340' title='bbox 301 4224 334 4285; x_wconf 89' lang='lat'><strong>3:</strong></span> <span class='ocrx_word' id='word_1_341' title='bbox 358 4227 426 4298; x_wconf 83' lang='lat' dir='ltr'><strong>Qui</strong></span> <span class='ocrx_word' id='word_1_342' title='bbox 449 4227 613 4287; x_wconf 91' lang='lat' dir='ltr'><strong>nondum</strong></span> <span class='ocrx_word' id='word_1_343' title='bbox 635 4225 734 4304; x_wconf 87' lang='lat' dir='ltr'><strong>gerit</strong></span> <span class='ocrx_word' id='word_1_344' title='bbox 760 4225 796 4286; x_wconf 92' lang='lat' dir='ltr'><strong>in</strong></span> <span class='ocrx_word' id='word_1_345' title='bbox 819 4234 948 4287; x_wconf 91' lang='lat' dir='ltr'><strong>tenera</strong></span> <span class='ocrx_word' id='word_1_346' title='bbox 977 4225 1048 4285; x_wconf 90' lang='lat' dir='ltr'><strong>iam</strong></span> <span class='ocrx_word' id='word_1_347' title='bbox 1071 4237 1206 4282; x_wconf 90' lang='lat' dir='ltr'><strong>cornua</strong></span> <span class='ocrx_word' id='word_1_348' title='bbox 1229 4220 1354 4279; x_wconf 89' lang='lat' dir='ltr'><strong>fronte</strong></span> 
     </span>
     <span class='ocr_line' id='line_1_39' title="bbox 257 4315 1354 4400; baseline -0.007 -16"><span class='ocrx_word' id='word_1_349' title='bbox 257 4343 325 4385; x_wconf 93' lang='lat' dir='ltr'><strong>cum</strong></span> <span class='ocrx_word' id='word_1_350' title='bbox 346 4324 414 4385; x_wconf 85' lang='lat' dir='ltr'><strong>Met.</strong></span> <span class='ocrx_word' id='word_1_351' title='bbox 437 4323 496 4397; x_wconf 85' lang='lat' dir='ltr'><strong>XV,</strong></span> <span class='ocrx_word' id='word_1_352' title='bbox 520 4324 596 4386; x_wconf 84' lang='lat'>596:</span> <span class='ocrx_word' id='word_1_353' title='bbox 620 4325 768 4386; x_wconf 82' lang='lat' dir='ltr'><strong>Cornua</strong></span> <span class='ocrx_word' id='word_1_354' title='bbox 790 4324 914 4385; x_wconf 85' lang='lat' dir='ltr'><strong>fronte</strong></span> <span class='ocrx_word' id='word_1_355' title='bbox 936 4321 1034 4400; x_wconf 85' lang='lat' dir='ltr'><strong>gerit</strong></span> <span class='ocrx_word' id='word_1_356' title='bbox 1061 4327 1091 4380; x_wconf 89' lang='lat' dir='ltr'><strong>et</strong></span> <span class='ocrx_word' id='word_1_357' title='bbox 1113 4317 1203 4377; x_wconf 83' lang='lat' dir='ltr'><strong>Trist.</strong></span> <span class='ocrx_word' id='word_1_358' title='bbox 1226 4317 1248 4387; x_wconf 89' lang='grc' dir='ltr'><strong>Ι,</strong></span> <span class='ocrx_word' id='word_1_359' title='bbox 1274 4319 1301 4390; x_wconf 89' lang='lat'><strong>1,</strong></span> <span class='ocrx_word' id='word_1_360' title='bbox 1317 4315 1354 4377; x_wconf 84' lang='lat'><strong>8:</strong></span> 
     </span>
     <span class='ocr_line' id='line_1_40' title="bbox 258 4423 901 4501; baseline -0.003 -19"><span class='ocrx_word' id='word_1_361' title='bbox 258 4441 324 4484; x_wconf 92' lang='lat' dir='ltr'><strong>nec</strong></span> <span class='ocrx_word' id='word_1_362' title='bbox 347 4423 451 4501; x_wconf 83' lang='lat' dir='ltr'><strong>nigra</strong></span> <span class='ocrx_word' id='word_1_363' title='bbox 474 4441 611 4484; x_wconf 91' lang='lat' dir='ltr'><strong>cornua</strong></span> <span class='ocrx_word' id='word_1_364' title='bbox 632 4423 762 4484; x_wconf 91' lang='lat' dir='ltr'><strong>fronte</strong></span> <span class='ocrx_word' id='word_1_365' title='bbox 784 4440 901 4500; x_wconf 89' lang='lat' dir='ltr'><strong>geras.</strong></span> 
     </span>
    </p>
   </div>
   <div class='ocr_carea' id='block_1_8' title="bbox 0 0 1506 5010">
    <p class='ocr_par' dir='ltr' id='par_1_8' title="bbox 0 0 1506 5010">
     <span class='ocr_line' id='line_1_41' title="bbox 0 0 1506 5010; baseline 0 0"><span class='ocrx_word' id='word_1_366' title='bbox 0 0 1506 5010; x_wconf 95' lang='lat' dir='ltr'><strong> </strong></span> 
     </span>
    </p>
   </div>
  </div>
 </body>
</html>
