2962 5010
565 315 697 382 ..83
744 346 786 363 .-

105 507 262 562 tractatum
285 490 489 580 detegeremus
512 496 594 558 cuius
616 490 679 575 ipsa
702 493 915 556 sententiarum
939 490 1135 553 conformatio
1158 499 1246 571 atque

105 598 168 678 ipsa
184 601 263 662 haud
278 617 346 661 raro
367 598 455 660 etiam
478 596 564 658 verba
587 603 699 658 servata
714 594 841 655 fideliter
861 611 926 653 esse
942 591 1126 653 videbantur.
1158 591 1250 652 Stilus

106 698 216 778 ubique
245 699 325 760 idem
354 716 443 778 quem
472 696 589 766 dicunt,
619 693 701 755 idem
731 693 842 774 ubique
870 689 1035 754 consilium.
1081 689 1159 752 Num
1182 690 1251 771 quis

105 797 195 858 luerit
216 799 293 859 scire
316 796 399 858 cordi
420 794 474 857 tihi
497 795 536 856 sit
557 794 667 855 nescio.
706 793 792 854 Certe
815 791 944 854 eundem
966 791 1015 852 hic
1036 789 1095 851 illio
1114 788 1251 850 helianus

106 914 226 976 quoque
247 903 367 956 secutus
390 888 435 955 est
450 912 547 974 neque
571 911 640 955 casu
655 892 795 954 helianus
818 898 847 951 et
863 890 1029 952 anthiarum
1055 897 1084 951 et
1100 906 1252 950 scarorum

106 992 298 1054 humanitatis
320 993 452 1071 exempla
475 1025 517 1035 --
538 992 627 1053 modo
650 992 693 1053 las
717 991 755 1053 sit
777 990 905 1052 humana
922 990 958 1051 de
972 988 1104 1068 piscibus
1128 1007 1168 1032 ·—
1191 1007 1252 1050 uno

107 1090 203 1171 capite
224 1092 394 1170 complexus
419 1099 464 1153 est
479 1091 523 1151 14
546 1098 575 1153 et
590 1090 626 1167 de
640 1090 731 1152 scaris
746 1089 867 1169 quidem
891 1089 968 1151 sicut
982 1087 1134 1168 Oppianus
1151 1090 1252 1170 onrnia

106 1195 161 1257 tria
182 1193 341 1255 auxiliandi
357 1195 489 1273 exempla
513 1212 581 1255 oum
598 1194 656 1255 duo
673 1193 849 1255 Plutarchus
865 1193 981 1268 habeat,
1003 1209 1098 1253 unum
1114 1174 1254 1262 Ovidius3

109 1300 138 1355 at
164 1292 200 1353 de
228 1291 335 1354 anthiis
357 1310 421 1353 rem
449 1291 559 1353 ibidem
588 1291 695 1353 misere
721 1291 889 1372 depravavit
910 1290 1063 1352 helianus:
1093 1306 1155 1349 non
1184 1306 1254 1349 casu

109 1393 198 1454 etiam
215 1390 252 1450 de
272 1408 396 1453 murena
419 1409 454 1452 ae
469 1391 550 1471 sepia
566 1389 721 1453 coniunxit
735 1391 854 1453 lahellas
868 1391 882 1450 l
898 1389 937 1452 33
955 1390 1011 1451 etl
1028 1389 1077 1451 34.
1108 1389 1168 1449 lam
1187 1405 1254 1448 vero

109 1491 144 1552 ad
160 1494 368 1556 sententiolam
384 1494 504 1556 attende
519 1512 607 1574 quam
631 1495 678 1554 ille
694 1493 792 1574 sepiae
813 1493 910 1555 fraudi
925 1493 1080 1554 adnexuit:
1102 1485 1255 1554 τοιοῦτόν

108 1616 141 1655 τι
171 1593 226 1655 καὶ
255 1595 301 1678 τῷ
330 1595 455 1674 Αἰνείᾳ
484 1598 584 1678 νέφος
614 1593 807 1678 περιβαλών
836 1591 986 1679 vincitque
1020 1587 1080 1658 τόν
1105 1586 1256 1671 ’Λχιλλέα

109 1683 128 1753 ὁ
151 1689 333 1773 Ποσειδῶν,
358 1687 400 1766 ὦς
416 1687 556 1777 Ὄμηρος
578 1692 676 1770 λέγει.
720 1693 841 1755 Minime
869 1695 926 1755 hoc
948 1692 1061 1755 Aeliani
1083 1700 1147 1766 θείς
1176 1690 1255 1751 idem

110 1791 189 1852 enim
223 1793 399 1855 Plutarchus
426 1792 561 1854 videlicet
600 1793 709 1871 legerat
742 1792 793 1872 qui
825 1792 889 1872 ipse
917 1810 1037 1873 quoque
1072 1791 1107 1851 ad
1143 1788 1256 1869 sepiam

109 1889 328 1952 fraudulentam
351 1890 455 1953 adicit:
478 1885 727 1973 ἃπομιμουνένη
750 1888 827 1962 τοὺς
843 1885 985 1973 Ὁμήρου
1008 1887 1110 1962 θεοὺς
1136 1886 1255 1967 κυανέῃ

109 1985 229 2069 νεφέλῃ
258 1986 420 2061 πολλάκις
450 1983 506 2060 οὓς
537 1984 580 2050 ἂν
604 1987 711 2049 σῷσαι
739 1985 890 2050 θέλωσιν
910 1983 1175 2070 ὑφαιρουμένους
1200 1983 1257 2046 καὶ

110 2083 376 2159 διακλέπτοντας.
427 2087 530 2166 ltaque
565 2094 717 2148 auctorem
752 2105 943 2148 communem
977 2086 1018 2146 illi
1047 2103 1109 2147 non
1137 2091 1257 2164 poetam

111 2184 163 2246 sed
178 2202 282 2265 prosae
305 2185 448 2247 orationis
470 2185 645 2265 scriptorem
668 2185 763 2247 secuti
785 2192 865 2259 sunt,
888 2185 938 2265 qui
954 2184 1078 2247 Homeri
1100 2192 1130 2246 et
1154 2189 1256 2264 poeta-

112 2301 179 2344 rum
200 2283 286 2345 verba
302 2285 388 2346 docte
410 2284 547 2346 attulerat
570 2283 656 2346 sicuti
670 2302 761 2364 supra
782 2284 817 2353 ad
834 2285 974 2365 polypum
998 2283 1115 2345 adferre
1137 2300 1205 2344 eum
1228 2289 1260 2341 et

112 2380 272 2443 Pindarum
296 2381 422 2443 vidimus
445 2389 475 2443 et
490 2381 701 2461 Theognidem.
745 2383 842 2461 lltque
864 2381 1028 2462 requirenti
1043 2382 1117 2443 mihi
1139 2378 1258 2461 aliquod

112 2478 143 2538 in
159 2478 333 2541 Plutarcheo
348 2480 424 2542 libro
439 2486 557 2559 praeter
571 2479 760 2542 Aristotelem
778 2479 905 2543 auctoris
920 2497 1031 2543 nomen
1046 2479 1094 2542 hic
1109 2480 1191 2540 locus
1208 2498 1259 2540 oc-

114 2578 206 2639 currit
228 2597 286 2659 quo
309 2597 380 2641 sane
394 2578 554 2659 praeterito
579 2579 651 2641 orire
673 2597 775 2641 socors
796 2578 939 2642 dicendus
962 2598 1076 2655 essem;
1097 2586 1258 2659 postquam

113 2675 194 2737 enim
210 2674 337 2759 piscium
353 2695 460 2756 genera
484 2676 655 2756 saepissime
678 2678 849 2740 catervatim
872 2678 968 2739 vivere
982 2677 1159 2758 Plutarchus
1177 2674 1259 2749 dixit,

113 2775 209 2854 pergit
230 2794 259 2855 p.
276 2773 337 2837 980
353 2776 393 2836 Α;
426 2762 510 2837 ἀλλὰ
538 2772 664 2857 μᾶλλον
693 2771 751 2836 ἐπὶ
780 2773 838 2849 τὰς
866 2771 937 2838 κατ’
967 2773 1059 2838 ἰδίαν
1085 2775 1260 2844 κοινωνίας

113 2867 220 2936 αὐτῶν
249 2873 305 2934 καὶ
335 2867 540 2954 συμβιώσεις
571 2873 668 2938 ἰτέον.
720 2866 764 2937 ὧν
793 2874 863 2936 ἐστι
900 2873 956 2936 καὶ
985 2870 1003 2936 d
1032 2871 1069 2935 τὸ
1100 2869 1261 2934 πλεῖστον

114 2967 325 3043 ἐξαναλώσας
347 2972 553 3052 Χρυσίππου
579 2967 682 3053 μέλαν
709 2968 891 3055 πινοτήρας
916 2970 1018 3035 παντὶ
1046 2969 1101 3032 καὶ
1128 2966 1261 3051 φυσικῷ

115 3067 235 3152 βιβλίῳ
266 3065 322 3129 καὶ
350 3065 463 3152 ἠθικῷ
492 3067 676 3152 προεδρίαν
705 3066 801 3148 ἔχων·
843 3068 902 3132 τὸν
935 3068 999 3152 γὰρ
1029 3063 1260 3150 σπογγοτήραν

116 3160 175 3244 οὐχ
191 3161 388 3249 ἱστόρηκεν’
410 3160 449 3228 οὐ
468 3165 531 3249 γὰρ
552 3163 593 3230 ἂν
611 3163 808 3250 παρέλιπεν.
851 3166 995 3229 Suhnasci
1020 3165 1147 3246 suspicio
1169 3163 1262 3244 possit

115 3264 258 3345 scriptum
293 3265 384 3327 fuisse
418 3265 477 3328 τοῦ
510 3263 613 3330 παντὶ
647 3265 704 3326 καὶ
738 3264 869 3350 φυσικῷ
904 3263 1025 3348 βιβλίφ
1059 3263 1116 3325 καὶ
1150 3257 1262 3346 ἤθικῷ

116 3359 300 3443 προεδρίαν
315 3359 459 3441 ἔχοντος,
475 3363 611 3426 audiebat
626 3363 706 3426 enim
722 3361 900 3442 Chrysippus
922 3357 941 3424 ὁ
956 3357 1059 3434 ὄντος
1075 3357 1262 3444 φιλόσοφος

118 3459 175 3520 καὶ
202 3461 279 3543 περὶ
305 3457 407 3525 πάντ’
434 3457 530 3546 ἇνήρς
557 3463 608 3524 sed
634 3461 667 3523 in
692 3460 743 3523 tali
768 3461 895 3523 lectione
917 3479 1014 3542 neque
1039 3459 1262 3539 intellegeretur

119 3575 171 3619 eur
187 3555 304 3636 λογικὰ
323 3559 504 3622 omittuntur
525 3558 642 3643 βιβλία
664 3567 694 3622 et
715 3559 791 3621 adici
805 3559 1005 3640 postularetur
1019 3559 1084 3622 τῶν
1099 3556 1262 3621 Στωϊκῶν.

117 3656 218 3737 ltaque
254 3658 495 3738 adstipulandum
531 3659 656 3721 omnino
691 3657 915 3738 Wyttenbachio
953 3666 999 3720 est
1034 3658 1194 3736 corrigenti
1228 3653 1264 3719 ἐν

117 3755 218 3817 παντὶ
322 3753 413 3835 ἔχων.
459 3756 637 3819 Primarium
659 3774 767 3837 nempe
793 3757 892 3818 locum
918 3755 1060 3838 pisciculo
1083 3756 1263 3836 Chrysippus

119 3854 177 3915 nisi
191 3855 223 3916 in
237 3854 365 3936 physicis
381 3854 544 3936 ethicisque
566 3856 649 3918 libris
672 3872 734 3917 non
749 3855 836 3917 dabat
856 3855 924 3936 quia
940 3855 977 3917 ad
993 3851 1111 3931 λογικὰ
1132 3853 1262 3934 quaestio

119 3953 155 4014 de
185 3953 282 4015 anima
312 3953 505 4034 moribusque
535 3955 707 4017 animalium
736 3972 799 4016 non
830 3952 1005 4034 pertinebat.
1047 3952 1123 4026 Quid
1152 3949 1264 4031 igitur?

119 4068 222 4113 nonne
243 4071 366 4132 prorsus
388 4051 514 4114 absurde
540 4053 734 4133 philosophus
760 4052 838 4114 inter
863 4071 912 4113 res
939 4069 1045 4113 omnes
1071 4068 1265 4131 quascunque

119 4155 259 4212 tractaret
288 4158 376 4230 atquc
406 4151 536 4214 universi
567 4151 671 4213 mundi
704 4150 858 4230 pinoterae
887 4150 987 4212 locum
1017 4150 1086 4210 darc
1117 4149 1265 4212 diceretur

119 4243 316 4326 primarium?
359 4247 437 4328 Ergo
463 4265 572 4310 mores
588 4249 837 4329 prudentiamque
863 4247 951 4310 ctiam
981 4246 1108 4309 aliorum
1134 4247 1182 4308 ille
1215 4256 1265 4309 aut

120 4344 247 4424 piscium
283 4352 334 4408 aut
362 4347 534 4410 animalium
564 4356 643 4410 certe
672 4348 875 4428 descripserat.
930 4346 1045 4409 Eodem
1074 4345 1155 4408 ducit
1184 4347 1266 4426 quod

121 4443 283 4525 plurimum
312 4463 420 4526 operae
451 4445 504 4528 (τὸ
534 4445 694 4512 πλεῖστον
722 4445 841 4529 μέλαν)
872 4446 987 4510 dedisse
1017 4464 1096 4508 eum.
1115 4443 1185 4508 huic
1215 4444 1267 4508 uni

1072 4545 1106 4600 6*
