2962 5010
672 321 893 386 ...50-

206 498 295 560 dandi
315 496 360 558 eni
375 496 537 575 adplicetur
556 497 638 557 loeus
653 497 702 558 hio
724 515 821 577 neque
836 497 950 576 primus
966 504 1011 558 est
1026 515 1124 577 neque
1139 514 1209 558 rero
1225 495 1349 556 ultimos

205 595 257 676 (et.
272 595 304 656 in
318 594 421 657 Horati
439 613 528 656 carm.
544 593 602 668 19,
618 593 637 653 2
653 613 786 657 errorem
802 594 911 656 eodieis
927 594 1117 674 Turieensis).
1141 596 1232 656 Porro
1246 614 1274 654 v.
1285 591 1349 654 266

206 702 364 776 corruptus
386 694 440 755 ita:

304 790 478 853 Femineum
503 797 645 870 conrepta
667 791 756 852 decus
779 799 897 865 manet;

205 904 256 966 ubi
278 914 425 983 consperto
445 902 529 964 facile
551 920 708 981 agnosces3
731 911 863 963 ceterum
887 903 1093 982 expectabam:

303 1013 380 1074 Eece
401 1012 526 1074 Ithaci
548 1012 677 1074 coniunx
700 1031 850 1093 semper
873 1014 984 1075 decus
1006 1013 1139 1075 Icariotis

304 1112 497 1173 infernum
520 1119 678 1190 conspecta
697 1111 816 1172 ‘decus
838 1121 967 1174 manet.

203 1223 278 1284 ltem
300 1241 402 1289 versus
426 1220 487 1283 393
511 1221 574 1284 sine
598 1223 731 1283 molestia
754 1223 812 1284 nisi
834 1224 1022 1302 grammatica
1045 1231 1139 1285 exstat
1161 1223 1217 1285 ita:

304 1320 492 1382 Gramineam
515 1319 600 1381 viridi
620 1319 736 1382 foderet
757 1322 795 1383 de
817 1322 944 1402 caespite
966 1330 1092 1397 terram3

203 1434 261 1509 hoe
283 1441 344 1495 est:

843 1570 845 1574 »
928 1531 1014 1593 Hune
1037 1540 1066 1593 et
1088 1532 1119 1594 in
1142 1533 1246 1595 orbem

303 1628 438 1690 Destinat
460 1647 493 1689 ao
515 1627 596 1713 terri
610 1627 748 1707 capulum
770 1627 906 1723 repetivit
927 1629 959 1691 in
981 1649 1070 1691 usum
1092 1631 1137 1710 (in
1159 1627 1298 1704 orsum?)

303 1726 490 1788 Gramineam
513 1725 599 1786 viridi
619 1725 696 1786 fodit
719 1735 750 1786 et
771 1727 807 1787 de
830 1727 959 1806 caespite
982 1737 1101 1790 terram.

201 1843 239 1916 dt
260 1859 332 1929 vero
351 1841 465 1921 egregie
487 1841 520 1902 in
541 1861 569 1902 v.
585 1840 647 1900 272
676 1842 758 1902 furor
781 1840 812 1902 in
840 1842 922 1904 libris
946 1844 1052 1906 dieitur
1073 1844 1193 1906 audacia
1217 1843 1344 1923 Orphei:

301 1952 362 2015 Nee
384 1953 485 2014 timuit
505 1952 723 2032 Phlegethonta
744 1955 859 2028 furens,
882 1958 1052 2021 ardentibus
1077 1958 1176 2019 undis:

201 2064 258 2126 hoe
280 2073 341 2126 est:
364 2065 498 2145 quamvis
520 2065 618 2126 undae
641 2066 789 2127 arderent.

285 2163 320 2223 ln
341 2181 430 2224 versu
452 2181 542 2242 porro
559 2161 620 2224 380
636 2164 716 2243 quod
731 2164 860 2244 llauptio
883 2166 1008 2227 debetur
1029 2171 1177 2229 tamenetsi
1196 2165 1344 2229 rarissime

200 2260 255 2340 legi
279 2261 356 2340 apud
371 2268 475 2339 poetas
491 2260 608 2322 monuit
621 2261 654 2321 L.
669 2260 828 2325 Muellerus
851 2264 887 2324 de
909 2283 943 2325 re
958 2273 1044 2326 metr.
1060 2285 1089 2344 p.
1106 2264 1167 2326 273
1184 2282 1246 2327 non
1262 2284 1344 2325 oom-

200 2376 307 2440 parans
334 2359 381 2420 ille
408 2358 467 2420 nisi
494 2359 572 2445 Enni
594 2363 671 2421 Anu.
693 2380 718 2420 v.
742 2359 814 2435 512,
846 2380 913 2424 eum
935 2370 1043 2425 tamen
1077 2364 1230 2426 addendus
1267 2372 1345 2424 esset

200 2458 304 2520 Catulli
328 2456 398 2519 6813
413 2476 439 2518 r.
456 2457 505 2518 95.
550 2458 666 2527 Habent
688 2467 787 2521 antem
809 2459 876 2521 libri
898 2461 974 2523 fere:

299 2571 336 2631 Et
358 2579 493 2631 tamenut
514 2571 595 2631 vadis
619 2571 751 2632 dimittes
776 2571 876 2633 omnia
898 2573 1011 2649 ventis;

200 2701 276 2763 quae
297 2689 365 2744 nata
388 2701 424 2742 ex
445 2682 501 2743 bae
524 2682 662 2744 ridentur
684 2682 830 2762 scriptura
853 2684 987 2763 (plenum
1011 2685 1110 2746 locum
1133 2684 1286 2760 exhibeat:

300 2795 358 2855 Sed
381 2794 583 2857 tolerabilibus
606 2794 684 2856 euris
706 2796 779 2857 haee
800 2796 959 2859 immemor
981 2798 1064 2859 audis

298 2894 336 2953 Et
358 2893 486 2954 lamenta
509 2894 588 2972 ragis
612 2893 743 2955 dimittes
766 2893 866 2956 omnia
888 2893 999 2956 ventis!

298 2991 453 3068 Digredier
474 3009 628 3072 nunquam
651 2992 811 3054 rediturus.
857 2993 902 3054 Tu
925 2993 990 3054 oole
1013 2995 1103 3056 tontis

299 3090 335 3150 Et
359 3089 458 3152 viridis
480 3109 639 3153 nemorum
663 3091 750 3153 silvas
773 3099 802 3152 et
824 3110 933 3172 pascua
955 3092 1041 3153 laeta.

297 3189 335 3249 dt
356 3208 422 3250 mea
443 3189 565 3252 diffusas
587 3189 744 3268 rapiuntur
766 3189 842 3251 diota
865 3208 919 3269 per
940 3206 1036 3250 auras.

198 3300 323 3362 Librarii
346 3319 405 3381 quo
427 3301 613 3381 peccaverint
635 3318 713 3364 unus
745 3308 862 3362 tautum
896 3301 985 3362 modo
1017 3301 1099 3360 locus
1131 3307 1190 3370 est;
1224 3300 1342 3379 scripsit

199 3399 278 3460 enim
301 3407 387 3480 poeta
410 3400 446 3460 de
470 3399 555 3461 turha
577 3418 681 3460 vocem
696 3398 835 3460 blandam
858 3405 1044 3477 sequenter.
1061 3396 1123 3457 279
1138 3397 1339 3475 haecpotins:

297 3508 407 3571 Blanda
431 3528 501 3572 voee
524 3528 635 3590 sequax
657 3511 778 3590 regiona
799 3509 948 3570 insederat
971 3507 1103 3588 Orphei3

197 3603 341 3700 raptorem
368 3613 492 3683 codices.
537 3622 692 3682 Summam
716 3627 815 3681 autem
839 3618 1060 3698 aspretudinem
1083 3617 1217 3679 versibus
1233 3617 1294 3679 248
1311 3626 1341 3679 et

197 3717 258 3778 245
282 3720 394 3781 addidit
408 3720 555 3798 Hauptius
578 3718 712 3798 quamvis
734 3717 764 3778 in
787 3718 879 3778 altero
902 3717 992 3782 statui
1014 3724 1115 3796 posset
1138 3716 1216 3778 vocis
1239 3735 1340 3796 sarpere

197 3817 401 3896 pronuntiatio
424 3816 603 3895 correptior;
627 3815 701 3877 nihil
723 3816 802 3877 enim
826 3834 843 3889 a
865 3815 915 3877 tali
937 3816 1074 3877 violentia
1098 3816 1189 3895 magis
1212 3816 1339 3876 alienum

197 3932 284 3992 quam
309 3923 338 3974 et
365 3923 466 3975 sextus
489 3931 541 3993 pes
571 3913 735 3974 hexametri
763 3924 793 3975 et
822 3914 952 3994 quintus.
999 3914 1030 3975 Si
1058 3915 1108 3976 tali
1137 3922 1241 3994 poetae
1268 3912 1339 3993 quid

196 4012 368 4073 conveniret
389 4011 480 4091 magis
496 4022 630 4073 curasset
651 4011 683 4073 in
699 4031 725 4073 v.
742 4010 804 4074 248
828 4012 878 4074 ubi
900 4031 986 4093 seper
1008 4014 1075 4075 libri
1097 4013 1203 4074 vitiose
1220 4019 1340 4072 serrant

196 4108 349 4171 edidisset:

297 4209 393 4288 Atque
414 4207 483 4269 alias
507 4207 563 4291 alio
587 4209 693 4270 densas
715 4210 964 4290 sequoragmine
986 4219 1107 4271 turmas.

195 4322 277 4394 Quae
300 4323 399 4384 omnia
422 4323 448 4384 si
469 4327 550 4386 re'ete
567 4334 605 4403 ¹et
625 4325 776 4405 disputata¹
795 4334 825 4386 et
846 4325 974 4386 iudicata
997 4332 1079 4396 sunt,
1101 4342 1137 4384 eo
1161 4322 1257 4384 aerius
1280 4324 1338 4385 iam

195 4420 345 4502 eripienda
368 4422 546 4486 banaidbue
570 4434 599 4485 ot
621 4423 755 4486 elidenda
776 4424 939 4502 Hauptiaua
968 4422 1016 4484 illa
1037 4422 1123 4484 situla
1147 4420 1203 4482 erit
1226 4440 1250 4482 r.
1275 4421 1337 4482 245
