2962 5010
582 317 798 378 ..11-

123 506 317 568 antecessisse
340 505 371 565 in
394 506 563 583 cynegetico
586 504 661 565 libro
684 521 839 564 excursum
863 511 914 564 aut
937 502 972 563 de
994 503 1124 582 piscibus
1154 509 1204 562 aut
1226 501 1262 561 de

122 603 227 667 aribus
255 639 297 647 —-
331 622 398 664 cum
425 610 526 664 tamen
556 620 711 664 excurrere
739 609 843 682 poetae
872 603 1096 662 concedendum
1125 619 1187 661 non
1214 600 1262 660 sit.

124 703 309 764 Concedatur
336 718 485 761 excursus.
540 702 577 761 Et
608 701 747 762 nolumus
775 700 897 780 quidem
927 700 985 760 iam
1014 700 1062 759 hic
1089 699 1263 759 memoriam

123 800 233 862 inicere
256 799 423 860 Plutarchei
444 798 510 858 libri
534 799 570 859 de
592 798 720 859 sollertia
743 798 912 859 animalium
937 797 1094 876 conscripti
1123 798 1159 858 de
1181 797 1263 858 cuius

124 898 214 960 simili
231 904 309 959 statu
324 897 583 959 sermocinandum
596 897 672 958 infra
688 904 741 957 est.
766 896 823 956 Sed
836 896 1058 974 dispositionem
1070 895 1161 975 ipsam
1175 896 1263 955 modo

123 1005 236 1076 reputa.
252 996 463 1074 Fragmentum
475 1014 539 1056 esse
551 1003 783 1080 consentaneum
795 1001 847 1066 est,
861 1002 1092 1055 consentaneum
1105 993 1176 1054 item
1188 1012 1264 1072 qno-

124 1094 204 1155 niam
216 1111 319 1155 verum
333 1094 450 1155 titulum
464 1094 575 1155 Plinius
588 1099 723 1167 testatur,
738 1093 909 1172 piscandi
925 1099 1019 1152 artem
1031 1111 1064 1152 eo
1077 1091 1163 1167 scribi
1175 1111 1263 1170 coep-

124 1201 185 1254 tam
208 1211 280 1254 esse.
313 1193 370 1253 Sed
385 1193 457 1253 haec
479 1210 518 1252 ne
536 1191 690 1270 attingitur
706 1191 825 1271 quidem
840 1192 871 1251 in
895 1191 1071 1270 fragmento,
1094 1197 1263 1251 secuturam

124 1306 189 1351 eam
211 1291 304 1351 fuisse
325 1291 472 1351 indicatur
494 1310 519 1350 v.
543 1289 583 1352 83
607 1309 672 1370 sqq.
715 1291 820 1369 ltaque
843 1308 938 1350 unum
961 1290 1064 1351 saltem
1090 1289 1199 1350 librum
1221 1289 1266 1348 vel

125 1390 312 1450 hexametros
333 1390 395 1449 fere
417 1387 479 1449 800
503 1388 622 1448 molitus
637 1407 703 1449 esse
725 1396 810 1468 poeta
834 1388 975 1448 dicendus
998 1395 1051 1448 est.
1101 1387 1135 1446 In
1158 1386 1266 1465 quibus

125 1500 179 1547 'cur
202 1504 264 1547 non
286 1505 339 1567 per
363 1486 402 1546 30
425 1506 526 1549 versus
550 1506 657 1566 augere
678 1487 803 1566 piscium
826 1486 928 1548 laudes
951 1485 1135 1546 terrestrium
1151 1485 1266 1564 vitupe-

125 1584 291 1646 rationibus
318 1585 433 1646 licuerit
458 1585 569 1663 frustra
593 1603 724 1664 quaeras.
770 1584 853 1661 Certe
882 1584 1032 1664 Oppianus
1061 1584 1092 1645 in
1116 1583 1179 1643 Hal.
1202 1584 1220 1641 1.
1244 1583 1267 1641 V

127 1683 247 1743 exordio
282 1686 319 1757 (1.
352 1681 390 1742 12
421 1685 497 1761 sqq.)
536 1699 589 1761 per
617 1701 720 1744 versus
754 1682 794 1742 29
822 1682 929 1743 transit
956 1683 992 1743 ad
1020 1682 1136 1742 leonem
1163 1698 1266 1742 ursum

126 1780 313 1859 elephantem
340 1780 373 1840 ut
399 1779 554 1861 grandiora
587 1780 790 1860 ferocioraque
823 1778 1012 1840 terrestribus
1042 1778 1179 1857 aquatilia
1202 1797 1267 1838 esse

127 1886 269 1957 exponat3
308 1878 386 1956 idem
417 1878 447 1938 in
470 1878 488 1938 l.
510 1879 522 1938 l
544 1898 570 1937 v.
597 1876 730 1937 12-27
764 1886 935 1939 montanam
969 1884 1052 1939 curat
1078 1877 1266 1937 venationem

126 1995 213 2056 apros
247 1994 332 2037 ursos
368 1993 533 2056 canumque
567 1975 725 2049 auxilium3
763 1983 865 2036 contra
901 1975 951 2054 qui
984 1974 1136 2054 scripsisse
1171 1975 1268 2035 fertur

126 2076 292 2156 cynegetica
314 2094 338 2135 v.
363 2075 403 2135 49
427 2094 491 2154 sqq.
514 2075 609 2136 aeriae
631 2074 730 2154 potius
754 2084 783 2135 et
814 2074 945 2135 marinae
978 2073 1125 2134 venationi
1148 2073 1267 2151 triginta

126 2182 219 2235 metra
242 2173 396 2235 concessit.
442 2173 499 2234 Sed
522 2174 552 2233 in
575 2190 651 2253 aqua
673 2191 711 2233 ne
733 2172 870 2244 scribam,
893 2172 970 2233 addo
996 2170 1076 2232 unde
1107 2189 1267 2250 cognoscas

127 2262 216 2351 quam
244 2272 431 2350 neglegenter
465 2272 521 2348 legi
555 2271 679 2331 latinum
706 2270 905 2348 fragmentum
933 2270 1030 2331 adhuc
1064 2269 1182 2331 solitum
1219 2269 1268 2330 sit.

125 2368 243 2431 Etenim
266 2369 429 2447 posteriore
451 2376 533 2447 parte
556 2386 698 2430 excursus
721 2376 781 2429 tam
803 2375 865 2428 arte
893 2387 960 2428 cum
984 2367 1176 2447 sequentibus
1199 2387 1268 2429 coa-

126 2467 190 2538 luit,
213 2473 246 2527 ut
261 2467 384 2527 evellere
396 2470 463 2526 eum
479 2465 618 2527 barbarae
633 2466 787 2527 violentiae
802 2472 891 2526 esset.
913 2465 1033 2542 Legitur
1048 2484 1075 2524 v.
1091 2463 1131 2525 83
1147 2485 1212 2545 sqq.

226 2564 286 2625 Nec
308 2564 461 2627 tamenin
485 2564 596 2624 medias
618 2564 712 2642 pelagi
734 2572 764 2623 11
787 2581 907 2642 pergere
930 2564 1015 2624 sedes

166 2712 169 2729 ‚
227 2662 411 2723 Admoneam
434 2662 568 2740 vastique
590 2662 680 2722 maris
703 2670 850 2741 temptare
874 2661 1066 2739 profundum.

227 2761 329 2821 luter
350 2766 556 2837 utrumqne
578 2760 634 2820 loci
658 2759 762 2820 melius
784 2759 976 2819 moderabere
1002 2759 1102 2818 finem.

127 2857 230 2936 ltaque
264 2856 334 2936 quid
366 2856 405 2917 sit
438 2856 548 2934 cogites
580 2857 652 2916 illud
686 2861 761 2918 ahter
792 2867 944 2936 utrumque
981 2874 1039 2934 quo
1073 2857 1181 2917 ducere
1214 2876 1269 2916 nos

126 2963 213 3034 poeta
247 2954 317 3015 vult.
377 2954 421 3013 An
455 2973 560 3032 aquam
593 2955 671 3016 inter
706 2963 735 3015 11
767 2950 904 3017 eaelum?
959 2953 1018 3014 Sed
1047 2954 1082 3014 ad
1111 2972 1178 3015 aves
1206 2971 1267 3014 non

128 3051 238 3113 scribit.
283 3051 460 3129 Desperabis
483 3071 518 3111 ex
536 3051 665 3113 carmine
688 3052 766 3113 sicut
786 3051 914 3112 traditur
935 3057 1068 3131 paratum
1090 3071 1269 3131 responsum

129 3152 215 3222 dare,
246 3149 386 3228 quoniam
415 3156 531 3228 praeter
562 3169 643 3210 mare
672 3150 744 3210 nihil
775 3157 1040 3211 commemoratum
1069 3157 1144 3219 erat,
1171 3167 1269 3227 neque

128 3268 161 3308 eo
189 3247 332 3308 nimirum
361 3236 576 3325 'praeparantur
604 3235 787 3326 insequentia
818 3246 868 3307 ubi
899 3248 1022 3326 insuper
1049 3264 1110 3306 non
1132 3245 1269 3325 bipartita

127 3365 176 3406 res
205 3354 250 3406 est
280 3344 331 3405 sed
353 3344 515 3422 tripartita:
539 3363 613 3406 num
643 3364 744 3426 aspera
768 3345 854 3416 111111,
877 3363 949 3404 num
973 3363 1076 3414 mons,
1100 3363 1171 3404 num
1198 3345 1270 3406 rada

128 3443 228 3505 herbis
266 3442 427 3503 viridantia.
485 3444 543 3504 Sed
574 3445 653 3505 enim
683 3445 831 3523 praeclare
857 3447 932 3504 iuter
964 3453 1116 3522 utrumque
1144 3441 1270 3522 opponi-

131 3540 213 3601 nitnr
243 3540 308 3601 altis
340 3541 387 3600 rel
415 3541 518 3602 mediis
546 3542 640 3620 pelagi
670 3542 789 3602 sedibus
816 3545 854 3616 (1.
885 3540 954 3618 83);
983 3541 1082 3621 itaque
1111 3541 1191 3601 idem
1226 3548 1271 3600 est

131 3645 219 3717 atque
252 3655 345 3716 prope
376 3638 462 3712 litus,
509 3639 564 3700 hoc
598 3647 644 3699 111
682 3640 713 3699 ni
750 3641 834 3700 fallor
866 3640 944 3700 iuter
976 3659 1057 3700 mare
1092 3647 1120 3698 et
1152 3646 1270 3699 terram.

130 3734 277 3797 Feliciter.
313 3735 421 3797 Amant
443 3737 522 3798 enim
545 3755 616 3798 sane
637 3738 798 3817 piscatores
821 3737 909 3799 etiam
931 3737 1026 3798 nostri
1047 3738 1140 3797 altum
1163 3735 1271 3796 evitare

131 3841 183 3896 aut
204 3833 340 3914 cymbam
364 3834 506 3895 ducentes
540 3834 645 3916 χῶρον
667 3829 700 3907 ἒς
733 3831 891 3918 edoualdo}
917 3854 953 3895 τε
980 3833 1035 3896 καὶ
1064 3830 1159 3895 εὔδια
1187 3854 1271 3914 πορ-

131 3929 277 4016 φύροντα
292 3939 345 3992 aut
359 3932 521 4018 πέτρῃσιν
537 3930 737 4016 ἐφῄμεμενοι
761 3926 956 4010 ἄγχιάλοισι
965 3959 974 4006 3
993 3952 1062 3994 nam
1085 3929 1271 4011 1111111111-

129 4032 238 4108 γείους
260 4025 398 4090 meliores
420 4047 486 4090 esse
509 4030 568 4091 iam
591 4031 762 4092 Aristoteles
785 4032 855 4092 olim
875 4036 940 4092 fuse
964 4031 1165 4110 explicaverat.
1210 4030 1271 4089 lam

130 4147 199 4191 vero
233 4136 331 4188 terrae
363 4127 474 4190 mentio
512 4137 579 4190 ante
611 4133 686 4190 11111
719 4139 870 4208 utrumque
910 4129 984 4189 adeo
1018 4128 1201 4188 desideratur
1238 4136 1271 4186 ut

131 4226 275 4289 excidisse
298 4241 361 4284 11111
389 4235 538 4305 appereat,
562 4237 591 4290 11
618 4229 738 4309 quidem
760 4234 829 4306 post
850 4246 874 4286 v.
898 4226 947 4287 81.
998 4226 1179 4297 Quaeramus
1201 4224 1272 4285 hinc

132 4326 196 4404 ipse
218 4340 319 4385 versus
349 4319 389 4383 82
418 4325 559 4403 quidnam
585 4327 743 4420 significet:

232 4422 340 4485 Noster
361 4427 391 4488 in
414 4433 477 4486 arte
498 4425 579 4486 labor
602 4425 726 4504 positus,
748 4441 817 4502 spes
840 4421 937 4484 omnis
960 4421 990 4482 in
1013 4420 1069 4481 illa.
