2962 5010
680 297 900 361 ..54-

217 473 314 534 minus
343 480 428 535 eante
455 472 664 545 Quintilianus.
709 473 912 535 Certissimum
943 481 989 535 est
1016 476 1096 548 (nam
1123 474 1359 555 interpolationis

217 572 416 634 coniecturam
433 580 462 633 et
473 572 605 633 Halmius
620 571 760 633 refutavit
775 570 975 650 Sitzuugsber.
987 573 1257 635 d.Mueneh.Acad.
1277 573 1359 636 1866

216 690 244 750 p.
262 669 323 731 513
346 678 376 730 et
397 670 568 750 explicatius
589 671 734 732 Jordanus
754 670 786 729 in
802 670 929 730 Hermae
945 669 984 729 lll
999 690 1026 750 p.
1045 669 1192 751 3l2sqq.)
1217 673 1360 733 oratoriae

216 772 260 830 rei
283 769 466 847 cognitorem
494 769 649 850 deceptum
678 768 802 846 indigue
831 786 896 828 esse
923 768 1086 830 adulterina
1114 770 1160 830 illa
1185 770 1304 832 Sallusti
1327 770 1359 831 in

217 869 389 930 Ciceronem
422 868 636 941 controversia;
670 867 753 928 cuius
787 885 847 928 non
876 866 972 928 solum
1002 867 1090 927 verba
1113 868 1236 929 advocat
1258 869 1305 945 (lv
1331 872 1359 942 1,

107 979 111 988 '
218 967 257 1030 18
282 974 312 1028 11
334 965 374 1027 111
396 966 426 1040 3,
448 965 510 1043 89),
538 967 590 1027 sed
620 966 706 1027 etiam
740 974 821 1028 tanta
849 973 879 1026 et
907 966 1084 1028 confidentia
1114 974 1143 1027 et
1176 967 1360 1045 neglegentia

217 1065 353 1145 sequitur
375 1064 589 1137 auctoritatem,
613 1072 647 1126 ut
663 1064 811 1126 Ciceronis
833 1064 999 1125 carminum
1022 1083 1086 1125 esse
1102 1065 1178 1125 dicat
1200 1083 1275 1144 quae
1298 1082 1361 1126 non

217 1182 281 1224 esse
296 1163 433 1224 videntur
452 1161 506 1240 (xl
517 1162 550 1244 iv
567 1160 625 1237 243
647 1163 684 1222 ci.
700 1163 821 1224 Jordan.
838 1163 856 1223 l.
872 1163 890 1222 l.
907 1181 934 1242 p.
953 1162 1036 1242 311).
1071 1165 1133 1225 lam
1155 1164 1248 1242 magis
1270 1163 1360 1225 etiam

217 1252 397 1335 Quintiliano
423 1260 505 1322 libris
527 1261 661 1340 plurimis
689 1263 837 1324 volutatus
859 1261 971 1322 Plinius
996 1262 1074 1323 siin
1101 1262 1243 1342 cuiusque
1271 1261 1360 1323 libelli

217 1359 304 1419 tidem
329 1367 359 1419 et
380 1366 531 1420 auctorem
553 1359 701 1438 inquirere
725 1360 857 1420 monitus
878 1359 1000 1434 fuisset,
1023 1378 1078 1439 pro
1101 1361 1282 1440 parsimonia
1305 1377 1359 1421 sua

217 1455 375 1537 temporis:
403 1457 501 1518 nullus
523 1457 596 1518 liber
618 1466 679 1518 tam
702 1467 867 1537 suspectus,
898 1460 1098 1532 exclamasset,
1122 1465 1155 1520 ut
1178 1477 1240 1519 nou
1262 1459 1360 1538 aliqua

218 1561 299 1634 parte
321 1555 427 1635 prosit3
455 1573 507 1616 cur
533 1573 602 1634 ergo
630 1552 861 1635 interpellabas?
892 1558 994 1619 decem
1018 1557 1144 1636 amplius
1166 1575 1268 1618 versus
1291 1575 1361 1636 per-

219 1652 363 1714 didimus!

302 1752 430 1813 atvero
452 1753 564 1814 cautius
587 1770 658 1814 sane
681 1762 712 1815 et
735 1754 971 1816 considerantius
995 1754 1031 1814 de
1045 1751 1166 1814 Horatio
1191 1753 1284 1831 egisse
1306 1771 1361 1816 an-

217 1850 386 1930 tiquitatem
405 1850 500 1912 video.
544 1851 587 1913 lta
610 1852 646 1911 de
669 1870 704 1912 eo
728 1852 888 1914 Suetonius
913 1851 1143 1932 (1471111111
1168 1864 1308 1915 veaeruat
1329 1857 1362 1913 ire

218 1967 321 2010 mareas
336 1966 414 2010 meas
436 1959 462 2010 et
484 1947 555 2027 alepi
574 1948 627 2009 aad
651 1951 731 2012 titulo
754 1955 814 2012 eius
836 1960 863 2012 et
884 1950 1002 2031 epr'stola
1021 1967 1109 2029 prora
1131 1954 1258 2012 oratioue
1280 1955 1364 2032 queri

218 2049 438 2108 commendantis
465 2065 494 2108 se
521 2047 687 2108 Maecenati.
735 2047 792 2110 Sed
821 2061 944 2129 utraque
973 2048 1163 2128 satrapeam
1193 2067 1263 2110 aem
1292 2049 1365 2129 elegi
1413 2080 1415 2085 ¹

217 2145 360 2224 vulgares,
383 2145 501 2224 oparata
522 2149 608 2207 etiam
630 2146 759 2218 obscura,
783 2165 837 2226 qao
860 2151 928 2209 vitio
942 2150 1057 2208 racbime
1079 2148 1237 2208 terrebatur.
1271 2146 1361 2226 Atqui

217 2260 279 2303 non
300 2243 395 2305 solum
417 2243 571 2323 epistulam
601 2245 656 2305 sed
679 2245 757 2324 ipsos
775 2247 1012 2343 quoque·elegos
1035 2244 1128 2306 fuisse
1151 2246 1235 2323 quasi
1258 2264 1360 2306 com-

218 2341 434 2403 mendantis
457 2360 494 2403 se
516 2342 721 2405 Maecenati
743 2361 776 2405 re
799 2343 991 2423 grammatica
1013 2343 1150 2405 efficitur.
1185 2344 1249 2405 Orti
1270 2343 1360 2422 igitur

218 2440 291 2518 elegi
305 2440 455 2501 subditicii
477 2459 512 2501 ex
530 2441 635 2501 eadem
658 2440 775 2502 officina
798 2441 882 2503 fuere
906 2442 983 2504 unde
1006 2449 1107 2502 nostra
1130 2459 1218 2520 quam
1234 2440 1358 2519 legimus

216 2539 343 2617 Elegia
365 2539 405 2599 ad
424 2539 670 2601 Maecenatem
693 2547 781 2620 atque
801 2539 889 2601 huius
905 2539 1015 2618 elegiae
1031 2539 1157 2618 scriptor
1178 2539 1269 2619 ipsius
1284 2538 1359 2599 Lolli

218 2636 377 2699 amicitiam
401 2637 533 2700 odiosam
548 2637 672 2700 iactatu.
688 2637 725 2700 10
746 2656 834 2718 quam
848 2638 985 2699 Horatius
1000 2656 1119 2718 quoque
1141 2637 1173 2697 in
1193 2638 1359 2700 carminum

218 2743 321 2814 quarto
344 2734 419 2796 libro
434 2736 586 2815 professus
608 2742 662 2796 est.
700 2736 760 2797 lam
776 2744 910 2815 poemata
933 2735 999 2797 talia
1022 2736 1086 2797 vide
1109 2754 1198 2815 quam
1222 2737 1304 2798 facile
1323 2737 1359 2797 ab

217 2833 339 2895 Horatio
352 2832 523 2911 dignoscere
533 2832 666 2895 Suetonii
678 2833 842 2896 debuerint.
865 2837 984 2914 Vosque
996 2853 1064 2913 ergo
1078 2833 1228 2895 cessabitis
1241 2835 1360 2896 tandem

217 2932 253 2993 ad
283 2932 505 2994 exercitationes
532 2932 605 2994 istas
633 2932 770 3012 indignas
800 2941 831 2992 et
859 2951 926 2994 vere
955 2933 1089 3011 volgares
1119 2950 1281 3012 provocare
1308 2933 1360 3012 qui

216 3029 350 3109 ipsorum
375 3030 478 3092 Horati
503 3031 669 3092 carminum
697 3038 813 3111 partem
842 3038 893 3093 aut
920 3048 1056 3109 magnam
1088 3039 1139 3093 aut
1169 3031 1317 3093 minorem
1344 3049 1360 3091 a

218 3128 334 3188 simili
356 3128 472 3190 falsario
495 3128 568 3189 oriri
590 3128 723 3208 potuisse
745 3130 864 3193 firmare
887 3128 1048 3192 studeatis!

302 3226 387 3299 Quod
410 3233 508 3289 autem
532 3227 643 3290 Seneca
666 3228 860 3309 philosophus
875 3227 981 3289 Tibulli
1004 3244 1124 3288 carmen
1146 3245 1200 3306 pro
1217 3227 1359 3289 Ovidiano

217 3325 320 3405 legisse
347 3325 476 3400 videtur,
507 3345 556 3387 res
585 3343 708 3405 prorsus
735 3326 916 3389 incredibilis
944 3332 998 3386 est.
1043 3325 1164 3403 Legitur
1190 3326 1267 3405 apud
1290 3344 1360 3386 eum

217 3423 318 3485 Natur.
339 3423 458 3496 Quaest.
479 3424 515 3484 lV
539 3424 568 3494 2,
592 3423 629 3483 2:
661 3424 705 3499 (in
734 3424 878 3504 Aegypto)
905 3424 1029 3503 proinde
1057 3434 1108 3484 aut
1134 3423 1239 3483 sterilae
1265 3440 1361 3484 aaaue

217 3531 268 3584 oat
289 3523 396 3602 fertilis
417 3531 466 3596 est,
486 3531 572 3601 preat
594 3521 643 3583 ille
657 3520 766 3600 (Nilus)
789 3541 911 3601 maguae
931 3521 1053 3599 11111111
1073 3530 1125 3581 out
1143 3524 1269 3600 parcior.
1301 3521 1360 3582 Ne-

217 3639 263 3682 reo
285 3631 435 3683 erutorum
457 3620 578 3698 adspicit
598 3618 716 3680 caelum.
763 3620 861 3693 Quare
882 3637 941 3680 aaa
964 3638 1028 3681 cara
1046 3628 1132 3699 poeta
1154 3621 1215 3680 ra'eo
1237 3623 1313 3681 iocor
1334 3632 1360 3683 et

217 3719 263 3781 illi
283 3719 417 3780 Ovidium
439 3736 524 3779 saara
546 3713 682 3797 iapiapoi)
705 3720 755 3796 qai
774 3721 830 3778 eit:

518 3833 570 3876 aec
592 3813 693 3877 Pluuio
715 3815 855 3894 supplicet
873 3815 962 3877 barda
980 3813 1050 3878 lovi.

217 3914 313 3975 Locus
336 3915 443 3993 plenus
467 3930 610 3974 errorum.
656 3913 730 3974 Nam
752 3914 882 3993 primum
911 3931 1071 3994 quemnam
1100 3933 1227 3995 usquam
1250 3934 1360 3994 quaeso

218 4020 373 4092 poetarum
407 4010 518 4072 Seneca
547 4030 654 4073 suum
687 4019 805 4092 poetam
847 4013 911 4075 sine
939 4013 1062 4074 nomine
1094 4013 1192 4073 dicere
1221 4008 1360 4092 poterat?

218 4111 311 4171 Porro
334 4109 401 4189 quis
416 4108 539 4172 omuino
555 4110 611 4171 fuit
627 4111 674 4171 cui
697 4130 788 4173 suus
811 4112 933 4173 Ovidius
949 4111 1106 4191 impingi
1121 4107 1245 4190 posset?
1267 4111 1360 4171 Porro

218 4206 359 4287 quidnam
383 4206 506 4268 omnino
528 4207 604 4270 ioci
626 4209 704 4270 inest
724 4209 756 4270 in
779 4211 908 4272 carmine
932 4210 1097 4271 Tibulliano
1120 4209 1168 4269 17
1191 4208 1270 4286 quod
1292 4228 1361 4289 per-

219 4302 338 4383 stringit
366 4303 583 4386 philosophus?
620 4307 753 4389 Denique
775 4326 828 4369 cur
848 4308 900 4369 tali
922 4305 1152 4384 interrogatione
1172 4305 1243 4366 satis
1265 4306 1361 4369 admi-

218 4399 302 4464 rabili
312 4403 412 4484 rumpi
425 4403 657 4484 disputationem
676 4403 862 4469 sivitsuam‘l
884 4407 1012 4482 Legatur
1023 4403 1156 4465 11111111
1168 4405 1207 4480 (v.
1220 4402 1360 4486 23sqq.):
