2962 5010
625 320 846 384 ...7ξί-

266 499 327 563 Νοο
348 498 482 580 proprias
504 499 581 560 vires
603 499 699 562 nescit
721 515 845 561 murena
867 497 994 559 nocendi

265 599 432 679 huxiliique
454 598 501 661 sui
524 615 627 660 morsu
648 616 705 659 nec
727 595 862 659 cominus
884 595 944 658 acri

265 697 368 759 Deficit
391 705 441 758 aut
463 697 578 758 animos
600 697 684 776 ponit
707 696 820 776 captiva
842 693 975 757 minacis.

166 809 294 870 Haecine
315 807 441 871 omnia?
470 808 584 889 captiva
611 815 671 882 est3
698 807 757 869 iam
778 806 829 868 nbi
849 801 1016 869 auxilium?
1045 804 1123 866 Num
1145 803 1305 865 verborum

165 907 223 968 hoc
242 917 361 969 tumore
380 907 444 968 lieri
463 906 560 986 potnit
579 914 613 968 nt
638 925 701 968 rem
728 905 855 985 scriptor
873 921 976 964 revera
997 898 1241 964 oblivisceretur?
1269 902 1307 962 ht

166 1007 247 1067 enim
268 1006 382 1067 Plinius
407 1022 511 1066 recens
535 1013 600 1066 tum
626 1022 747 1067 carmen
771 1001 932 1084 inspiciens
965 1002 1001 1063 de
1038 1018 1179 1063 muraena
1206 1019 1307 1063 excer-

166 1105 297 1184 pendum
312 1105 368 1167 hoc
390 1122 456 1165 esse
471 1102 558 1166 vidit:
580 1121 736 1165 muraenae
762 1101 885 1181 amplius
908 1101 1045 1163 οιοονανιῑ
1067 1099 1306 1178 deambulatum

167 1205 316 1266 admoveat
339 1204 468 1266 dentibus
493 1203 582 1264 linem
600 1211 682 1283 atquc
703 1206 746 1264 ita
762 1201 893 1264 crodunt.
927 1199 1029 1277 ltaque
1054 1198 1180 1260 abolitus
1203 1215 1306 1259 versus

167 1303 269 1364 saltem
299 1319 394 1375 unus,
430 1319 527 1381 neque
556 1300 622 1382 plus
653 1317 729 1375 uno,
765 1319 833 1362 cum
862 1302 937 1364 duos
966 1301 1014 1363 illa
1043 1301 1090 1362 vix
1126 1300 1305 1380 compleant3

166 1399 301 1462 liberiore
316 1408 415 1463 autem
443 1407 551 1461 ornatu
574 1417 623 1460 res
639 1399 725 1461 etiam
745 1399 815 1460 alias
834 1399 949 1462 Plinius
964 1400 1063 1472 refert,
1086 1399 1165 1461 velut
1180 1418 1255 1479 qnae
1271 1397 1307 1458 de

166 1499 272 1579 polypo
287 1507 365 1560 sunt.
396 1497 488 1578 lgitur
504 1498 547 1559 sio
561 1505 633 1578 puta
648 1497 691 1558 vel
708 1497 845 1559 similiter
860 1500 1028 1578 legebatur:

266 1611 400 1692 Amplius
427 1628 461 1673 os
483 1609 571 1670 hamo
593 1615 678 1670 vorat
699 1610 855 1690 creditque
876 1609 916 1673 ita
938 1610 1043 1681 linum,

168 1741 260 1803 eaque
276 1723 447 1785 exciderunt
461 1728 584 1802 propter
599 1720 821 1783 similitudinem
838 1740 942 1784 vocum
957 1720 1163 1802 principalium
1179 1718 1309 1800 Amplius

167 1829 196 1882 et
219 1820 338 1882 Anthios
363 1838 421 1900 qua
444 1820 560 1881 ratione
588 1826 616 1880 et
639 1819 687 1880 alii
710 1820 795 1881 multi
821 1837 937 1882 errores
965 1819 1147 1900 explicantur
1171 1825 1201 1879 et
1227 1818 1307 1897 quod

166 1918 296 1979 inlibris
312 1919 434 1980 Homeri
448 1917 544 1980 Latini
559 1916 733 1997 quibusdam
749 1936 849 1980 versus
862 1917 902 1979 92
918 1924 987 1980 ante
1003 1937 1029 1979 v.
1043 1915 1083 1977 93
1099 1918 1129 1978 in
1145 1917 1308 1996 marginem
1346 1932 1352 1948 ·

169 2016 241 2078 abiit
256 2035 322 2078 cum
339 2016 412 2078 alter
428 2037 443 2079 a
460 2015 484 2078 Τ
482 2020 592 2097 turpiter
606 2017 680 2078 alter
693 2035 709 2078 a
724 2017 851 2098 luppiter
865 2017 1017 2096 inciperet.

252 2115 372 2193 Legitur
394 2124 494 2178 autem
514 2116 551 2176 de
573 2114 671 2176 anthia
694 2134 721 2176 v.
738 2116 778 2176 46
794 2134 875 2195 sqq.:

267 2227 420 2289 Anthias
442 2227 488 2290 his
510 2232 615 2307 tergo
639 2245 714 2307 quae
735 2246 797 2289 non
820 2226 900 2289 videt
923 2225 1016 2288 utitur
1038 2227 1152 2288 armis

266 2324 331 2385 Vim
355 2344 369 2386 s
377 2327 487 2406 pinae
509 2323 651 2405 novitque
673 2344 744 2388 suae
768 2345 912 2406 versoque
935 2325 1094 2405 supinus

267 2422 397 2504 Corpore
418 2423 494 2485 lina
516 2432 619 2485 secat
640 2423 791 2504 fixumque
812 2423 963 2504 intercipit
984 2425 1117 2485 hamum.

168 2552 280 2614 Similia
296 2561 376 2615 certe
390 2553 566 2616 Plutarchus
586 2553 697 2632 legerat
713 2551 774 2614 977
787 2555 826 2616 C:
855 2549 887 2615 ci
914 2549 952 2615 δὲ
978 2550 1130 2616 ἀνθίαι
1156 2552 1201 2636 τῷ
1225 2568 1309 2633 σομ-

169 2647 264 2734 φύλῳ
279 2650 467 2734 βοηθοῦσιν
483 2645 697 2734 ἰταμώτερον·
721 2648 789 2733 τήν
804 2650 877 2734 γάρ
900 2643 1043 2734 ὁρμιὰν
1063 2646 1309 2732 ἀναθέμενοι

168 2746 265 2811 κατὰ
288 2744 403 2832 ῥάχιν
428 2747 484 2810 καὶ
511 2743 723 2830 στήσαντες
742 2744 866 2838 ὀρθῂν
885 2749 952 2833 τὴν
978 2746 1160 2813 ἄκανθαν
1179 2747 1308 2827 ἐπιχει-

169 2846 264 2930 ροῦσι
284 2844 496 2929 διαπρίειν
515 2845 554 2932 τῇ
573 2837 750 2930 τραχύτητι
773 2846 839 2909 καὶ
862 2845 1111 2911 διακόπτειν.

253 2945 356 3025 ltaque
379 2944 535 3007 artificium
559 2944 640 3006 idem
665 2945 743 3026 apud
763 2945 964 3020 Plutarchum,
992 2946 1050 3008 nisi
1065 2947 1143 3024 qnod
1166 2964 1230 3008 non
1254 2946 1310 3008 sihi

168 3043 235 3124 ipsi,
257 3044 310 3105 scd
334 3044 418 3107 tratri
444 3062 531 3125 opem
557 3042 615 3105 lert
639 3041 752 3105 anthias
779 3061 875 3124 neque
897 3045 964 3106 ideo
987 3050 1021 3105 ut
1040 3044 1101 3105 lina
1122 3051 1202 3106 secet
1224 3062 1310 3106 verso

169 3159 292 3221 corpore
314 3142 440 3223 supinus
462 3150 565 3205 natare
587 3140 644 3203 dici
665 3147 774 3220 potest.

254 3240 312 3302 Sed
335 3247 471 3305 accurate
497 3240 575 3303 idem
597 3246 685 3318 atque
712 3237 831 3300 Ovidius
856 3238 1009 3319 Oppianus
1035 3239 1145 3318 recepit
1171 3238 1222 3318 qui
1248 3256 1311 3300 non

168 3335 248 3399 inter
267 3338 426 3414 sollertiae,
449 3340 501 3401 sed
523 3338 696 3418 inceptura
717 3337 843 3417 piscium
863 3337 900 3398 de
921 3335 1020 3398 anthia
1040 3336 1143 3398 eadem
1166 3336 1310 3399 brevitate

170 3453 227 3513 qua
250 3434 373 3500 Ovidius
394 3439 468 3501 haec
489 3437 593 3500 inserit
607 3436 648 3498 lll
662 3454 688 3496 v.
705 3435 766 3498 333
779 3455 840 3516 sq.:

269 3545 420 3611 Πολλάκι
441 3539 475 3611 d’
500 3543 692 3632 ὀξύπροιρον
712 3543 797 3630 ὑπὲρ
820 3543 917 3630 ῥάχιν
939 3542 1059 3628 dauers
1080 3543 1194 3631 δάψας
1245 3610 1248 3615 ,

270 3635 402 3728 cippario,
425 3641 494 3711 ἀπὸ
517 3644 550 3711 δ’
574 3641 631 3732 ἦξε
649 3644 758 3710 λιπών
780 3643 874 3709 ιιενόν
897 3640 1089 3729 ἀγροντῆρα.

170 3754 272 3834 ltaque
287 3755 377 3835 piscis
393 3756 504 3819 lineam
518 3777 611 3838 quam
625 3758 690 3839 ipse
705 3759 874 3820 admorsam
889 3765 973 3821 tenet
989 3755 1134 3841 (δάψας)
1155 3758 1312 3838 imponens

170 3853 299 3915 inacuta
321 3872 374 3915 sua
394 3854 480 3935 spina
501 3856 635 3918 dissecat.
664 3859 765 3936 lpsum
786 3852 900 3940 θάψας
921 3856 993 3918 illud
1014 3854 1138 3918 Ovidius
1162 3857 1251 3918 falsus
1274 3857 1313 3917 ita

170 3952 315 4032 expressit
336 3959 371 4014 ut
391 3953 485 4034 fimum
505 3954 627 4016 hamum
642 3973 707 4017 esse
721 3954 841 4016 diceret
871 3955 903 4016 ld
918 3971 987 4016 vero
1003 3973 1061 4034 quo
1078 3954 1227 4035 discrepat
1242 3954 1313 4015 Plu-

170 4051 288 4112 tarchus
310 4069 370 4130 quo
392 4058 479 4131 pacto
494 4046 673 4132 explicabis?
699 4053 780 4115 Duae
800 4051 935 4114 videlicet
955 4052 991 4113 de
1012 4052 1113 4115 anthia
1132 4053 1163 4113 iu
1178 4052 1313 4131 exemplo

170 4149 322 4210 communi
351 4146 473 4213 fabellae
502 4150 691 4224 exstiterant,
720 4168 848 4231 quarum
876 4152 907 4213 in
935 4150 1026 4213 altera
1056 4150 1197 4214 calliditas
1223 4151 1313 4230 piscis

174 4247 325 4325 quomodo
341 4246 400 4327 ipsi
414 4248 580 4328 prodesset,
594 4248 627 4310 in
649 4249 739 4311 altera
761 4249 912 4328 quomodo
927 4248 1059 4328 piscibus
1075 4249 1162 4310 sociis
1180 4267 1313 4329 expone-

170 4339 265 4403 batur.
308 4344 393 4416 Quod
416 4364 594 4426 persuasum
614 4347 737 4409 habebis
762 4347 866 4410 ultimo
888 4348 954 4410 loco
980 4346 1017 4408 iis
1039 4348 1213 4410 examinatis
1237 4366 1314 4429 qnae

172 4440 209 4502 de
223 4460 306 4504 scaro
320 4446 401 4525 pisce
423 4448 531 4529 scripta
546 4448 722 4530 produntur.
753 4448 870 4511 hdnoto
892 4456 992 4512 autem
1007 4447 1137 4512 Phnium
1161 4448 1198 4512 de
1213 4448 1315 4511 anthia
