2962 5010
624 324 820 388 ..3..„

154 500 399 562 demonstraverit
431 501 473 579 (p.
491 500 610 576 xmxp
644 502 786 563 nimirum
821 500 998 560 novantibus
1032 497 1112 561 credi
1145 502 1209 563 sine
1237 504 1291 563 do·

155 600 369 661 monstratione
402 617 469 660 vera
502 607 591 679 atque
619 619 717 661 severa
748 617 808 660 non
834 607 950 678 poterat
985 599 1183 679 Sterniusque
1212 601 1292 680 qnod

153 697 199 757 bis
222 698 329 758 erravit
355 697 522 759 laudabitur
549 699 760 777 potiusquam
783 697 977 758 accusabitur.
1021 697 1081 758 lam
1105 699 1231 759 alterum
1255 700 1292 759 de

154 796 310 874 Calpurnio
327 815 459 857 errorem
474 796 625 857 verissima
639 796 760 857 tandem
776 794 1027 857 demonstratione
1048 794 1085 854 Μ.
1109 796 1291 875 Hauptius

154 894 288 969 sustulit3
310 895 540 956 Halieuticorum
563 903 665 955 contra
688 914 724 955 ne
744 895 808 973 ipse
825 893 943 973 quidem
964 893 1020 953 nisi
1035 892 1157 954 editioni
1172 912 1291 970 operam

154 993 269 1055 navavit
289 994 340 1055 tali
363 1013 419 1073 qua
440 994 584 1072 hodieque
606 993 714 1053 horum
730 992 893 1053 carminum
911 991 1045 1051 tractatio
1060 992 1173 1066 nititur,
1196 1000 1291 1055 artem

154 1109 222 1151 vero
246 1090 369 1152 Ovidine
392 1110 494 1153 revera
517 1099 596 1152 esset
617 1109 759 1169 quaerere
781 1108 844 1151 non
866 1089 985 1150 vacabat
1006 1088 1221 1172 Heinsiumque
1244 1109 1292 1153 se-

155 1197 239 1251 cutus
261 1190 301 1251 ad
319 1189 411 1268 ipsam
436 1189 511 1250 Plini
533 1189 696 1268 gravissimi
718 1189 846 1250 auctoris
868 1187 1107 1249 testificationem
1131 1190 1291 1267 confugere

154 1287 224 1348 satis
246 1287 381 1349 habebat.
419 1287 498 1358 Quin
520 1287 608 1348 etiam
630 1296 712 1349 tanta
735 1288 798 1348 eins
819 1287 920 1364 religio
943 1293 977 1347 ut
998 1286 1176 1348 credendum
1193 1288 1289 1350 Plinio

154 1404 218 1446 esse
241 1385 351 1447 diceret
373 1385 461 1446 etiam
485 1385 510 1445 si
532 1385 713 1447 inveniretur
734 1386 874 1465 aliquid
897 1386 929 1446 in
951 1387 997 1447 his
1021 1384 1155 1447 versibus
1173 1386 1252 1464 quod
1274 1404 1292 1446 a

153 1483 269 1543 Nasone
292 1502 342 1544 eos
365 1501 426 1544 non
448 1484 597 1562 profectos
620 1504 684 1545 esse
707 1492 807 1545 certo
829 1493 1004 1562 argumento
1026 1484 1179 1545 indicaret.
1213 1485 1292 1556 Quid

152 1578 263 1659 igitur?
308 1582 403 1642 Statui
427 1582 539 1644 volebat
567 1584 710 1644 amissum
732 1602 835 1644 verum
857 1583 1036 1644 halieuticon
1057 1583 1196 1643 volumen
1219 1600 1291 1657 esse,

153 1679 204 1758 qui
226 1697 296 1740 vero
319 1679 355 1740 ad
377 1697 433 1741 nos
455 1681 662 1759 pervenissent
684 1700 786 1742 versus
810 1681 846 1741 de
869 1681 999 1760 piscibus
1024 1687 1053 1740 et
1074 1681 1145 1741 feris
1168 1699 1202 1741 ex
1218 1680 1291 1759 ipsis

152 1777 227 1837 Plini
256 1777 399 1857 excerptis
428 1785 564 1858 sumptos
589 1797 605 1840 a
633 1781 749 1841 lalsario
772 1799 836 1842 esse
853 1785 894 1840 'et
925 1780 1065 1841 adauctos
1092 1779 1155 1839 aliis
1186 1777 1288 1858 (praef.

153 1894 201 1953 pg.
223 1875 288 1955 XX)
312 1911 353 1920 -
375 1894 463 1955 qnam
485 1885 585 1936 tamen
608 1878 806 1938 coniecturam
828 1878 966 1939 facillime
989 1877 1095 1938 elevari
1119 1895 1205 1956 posse
1228 1877 1291 1956 ipse

152 1971 261 2033 ibidem
290 1973 419 2034 ostendit
447 1992 544 2053 neque
570 1992 625 2035 nos
653 1983 716 2036 eam
740 1975 930 2037 morabimur.
976 1976 1066 2037 Nobis
1089 1984 1188 2035 autem
1211 1974 1290 2054 quod

153 2069 240 2132 simul
263 2079 322 2132 tam
345 2072 529 2133 confidenter
550 2080 579 2133 et
602 2081 661 2134 tam
683 2074 815 2135 breviter
836 2074 881 2134 vir
903 2093 1037 2135 summus
1059 2073 1201 2134 iudicium
1222 2073 1290 2134 tulit

153 2169 313 2231 dolendum
336 2157 456 2249 quidem
480 2180 557 2231 esset
580 2171 636 2233 nisi
659 2190 847 2251 speraremus
869 2178 933 2233 lore
955 2182 987 2234 ut
1009 2173 1040 2232 in
1063 2171 1212 2232 reiciendo
1233 2171 1290 2230 isto

152 2267 261 2329 iudicio
289 2269 350 2329 eius
378 2268 469 2347 ipsius
499 2269 618 2347 vestigia
646 2290 700 2350 pro
730 2280 832 2332 nostra
856 2271 993 2332 facultate
1015 2288 1152 2350 premere
1175 2269 1290 2329 videre-

154 2385 228 2427 mur.
273 2366 474 2446 Praeterlapsa
508 2367 612 2429 exinde
641 2377 707 2430 octo
736 2370 799 2430 fere
828 2371 935 2444 lustra3
970 2367 1079 2448 quibus
1107 2385 1205 2446 neque
1227 2367 1291 2445 ipse

155 2473 204 2526 aut
227 2466 349 2526 mutavit
371 2473 423 2526 aut
446 2466 630 2527 confirmavit
653 2468 830 2528 sententiam
855 2486 938 2529 suam
961 2467 1011 2545 (cl.
1035 2467 1080 2527 ed.
1097 2466 1289 2544 Metamorph.

153 2562 244 2640 praef.
266 2582 294 2642 p.
319 2562 351 2642 8)
379 2582 475 2644 neque
504 2564 577 2625 alios
607 2584 671 2626 eam
695 2573 746 2628 aut
769 2565 945 2627 confirmare
968 2572 1019 2625 aut
1042 2563 1193 2624 confutare
1216 2562 1290 2622 vidi-

153 2679 239 2734 mus3
261 2680 335 2741 quae
351 2679 419 2723 vero
441 2662 567 2723 iudicata
590 2663 655 2724 sine
678 2664 935 2725 demonstratione
958 2671 1029 2724 sunt
1048 2661 1214 2723 adscribere
1231 2679 1292 2721 non

153 2778 228 2838 opus
257 2766 310 2820 est.
355 2761 502 2832 Quoniam
532 2780 600 2823 vero
629 2762 664 2821 ab
688 2762 771 2823 Ovidi
799 2762 925 2823 lectione
953 2761 989 2822 ad
1018 2759 1177 2820 Halieutica
1207 2777 1291 2818 acce·

152 2857 257 2919 dentes
283 2859 388 2919 eodem
409 2859 486 2929 fere,
513 2877 571 2938 quo
604 2859 757 2921 Barthium
785 2860 941 2940 abreptum
969 2858 1082 2930 vidisti,
1113 2855 1291 2934 indignatio-

152 2955 197 3016 nis
225 2956 338 3035 impetu
371 2957 488 3017 iuvenili
511 2956 605 3036 abripi
637 2975 693 3019 nos
711 2977 840 3038 quoque
868 2956 1028 3027 sensimus,
1062 2956 1120 3016 iam
1143 2955 1290 3015 senectuti

151 3053 234 3114 locus
265 3053 379 3114 dandus
410 3061 472 3115 erat
501 3054 541 3113 illi
570 3073 659 3133 quam
681 3053 880 3137 μικρόλογον
902 3055 1003 3116 dicunt
1025 3054 1289 3134 quaerendumque

152 3150 222 3231 quid
244 3151 362 3212 tandem
386 3151 582 3212 sensissemus
605 3160 634 3211 et
656 3160 757 3213 utrum
782 3153 892 3232 aliquid
917 3161 993 3214 esset
1016 3171 1054 3212 an
1077 3152 1148 3213 nihil
1170 3160 1199 3213 et
1215 3169 1290 3230 quae

151 3256 328 3329 apparerent
356 3249 539 3311 differentiae
567 3250 710 3311 sermonis
739 3269 811 3311 num
841 3250 913 3310 satis
936 3250 1073 3330 explicari
1094 3255 1217 3328 possent
1240 3257 1292 3310 aut

151 3368 186 3407 ex
210 3348 358 3410 debilitate
379 3348 619 3410 consenescentis
642 3355 748 3428 poetae
770 3356 821 3408 aut
844 3366 878 3407 ex
901 3345 1021 3408 materia
1045 3346 1183 3408 carminis
1199 3345 1289 3407 nimis

152 3446 241 3507 ardua
264 3455 315 3507 aut
337 3448 466 3528 denique
489 3466 524 3506 ex
546 3437 682 3526 utroque.

234 3544 352 3606 Primus
373 3546 454 3607 locus
478 3544 638 3606 debebatur
660 3544 702 3606 rei
725 3543 905 3623 simpliciori,
929 3542 984 3603 hoo
1007 3549 1052 3603 est
1067 3543 1216 3604 metricae.
1246 3541 1290 3602 Ad

152 3656 215 3698 eam
245 3642 420 3718 pertinentia
450 3642 604 3724 composui
630 3650 698 3703 ante
729 3643 782 3703 hos
811 3643 886 3702 duos
914 3659 1009 3702 annos
1040 3640 1072 3700 in
1099 3640 1195 3700 libello
1223 3658 1289 3700 meo

154 3736 197 3795 hd
232 3735 384 3800 historiam
418 3741 580 3802 hexametri
611 3740 693 3802 latini
720 3737 859 3822 {symbola
888 3757 916 3818 p.
941 3739 980 3797 55
1000 3756 1065 3818 sqq.
1109 3737 1152 3797 Er
1182 3736 1290 3817 quibus

151 3834 221 3914 quid
245 3834 484 3897 concludendum
508 3845 584 3899 esset
607 3838 704 3899 dicere
725 3838 834 3899 ibidem
866 3855 925 3898 non
954 3835 1082 3896 dubitavi
1109 3851 1288 3914 quamquam

151 3933 223 3993 mihi
244 3934 340 4011 legere
355 3950 415 3993 non
429 3933 551 3997 licuerat
569 3953 756 4015 programma
772 3934 851 4015 quod
874 3934 1007 3995 Veronae
1022 3930 1180 4012 publicavit
1202 3930 1290 3990 Zin-

151 4032 253 4109 gerle
276 4048 354 4092 anno
379 4030 460 4092 1865
483 4031 524 4093 De
542 4032 665 4092 llaheut.
689 4035 853 4109 fragmento
876 4031 978 4093 Ouidio
1001 4047 1062 4091 non
1085 4028 1287 4091 abiudicando.

150 4129 352 4190 Intellexeram
376 4129 493 4208 quidem
517 4127 595 4189 bene
618 4130 757 4190 meritum
786 4148 850 4190 esse
878 4130 974 4190 virum
1002 4128 1123 4189 doctum
1153 4125 1188 4184 de
1217 4143 1289 4184 sen-

149 4226 250 4288 tentiis
273 4227 489 4289 elocutionibus
513 4226 690 4305 vocibusque
713 4233 868 4305 poetarum
896 4225 985 4286 unius
1015 4225 1157 4300 cuiusque
1184 4221 1287 4300 singu-

150 4326 260 4386 laribus
282 4324 473 4387 observandis
503 4334 532 4387 et
559 4325 639 4385 inter
667 4343 699 4385 se
729 4323 933 4402 comparandis
962 4322 1040 4383 unde
1073 4338 1130 4392 res,
1163 4319 1288 4380 minime

92 4424 95 4428 ’
151 4421 248 4496 dubia,
277 4423 474 4485 illustraretur
502 4434 532 4485 et
554 4422 802 4485 consuetudinem
825 4423 903 4500 apud
924 4430 1027 4500 poetas
1048 4418 1144 4481 valere
1167 4425 1197 4479 et
1217 4417 1286 4478 imi-

1039 4521 1075 4573 l*
