2962 5010
624 303 845 370 ..85-

267 480 461 561 καρκίνος
476 474 601 562 μικρός.
618 477 673 540 καὶ
689 473 709 562 ή
724 481 804 562 πίνη
821 476 1087 562 διαστήσασα
1102 477 1144 542 τό
1166 477 1311 564 δστρα-

267 599 336 641 κον
355 572 511 661 ἡσυχάζει
537 578 712 662 τηροῦσα
734 575 780 640 τά
803 574 1048 640 ἐπεισιόντα
1073 575 1264 657 ἰχθύδια,
1293 574 1312 642 δ

265 673 303 737 δὲ
333 673 511 758 πινοτήρης
536 672 765 758 παρεστός,
802 669 898 740 όταν
927 674 1060 760 εἰςέλθη
1085 700 1132 752 τι,
1169 675 1312 742 δάκνει

266 768 387 856 αὐτήν
422 769 529 857 ὥςπερ
572 776 755 856 σημαίνων,
792 769 813 856 ή
842 771 887 836 δὲ
913 773 1082 856 δηχθεῖσα
1122 772 1310 858 συμμύει.

267 870 332 933 καὶ
372 867 492 944 οὕτως
521 870 562 935 τό
601 867 852 954 ἀποληφθὲν
888 870 1007 936 ε”νδον
1036 874 1312 936 κατεσθίουσι

266 970 389 1058 κοινή.

184 1132 191 1145 ,
249 1070 350 1149 ltaque
376 1088 444 1130 cum
470 1075 557 1131 antea
583 1068 739 1149 adscriptis
763 1076 793 1129 et
814 1087 863 1130 res
886 1076 916 1129 et
931 1070 1003 1130 ordo
1018 1086 1121 1131 rerum
1137 1071 1310 1146 concinunt,

167 1168 341 1230 Plutarchus
367 1168 509 1229 nimirum
536 1168 585 1229 hic
610 1167 669 1229 illic
695 1175 833 1228 omatum
860 1167 987 1247 aliquem
1015 1168 1104 1230 etiam
1129 1166 1310 1248 putidiorem

166 1268 266 1329 intulit
281 1265 443 1348 (πυλωρεῖ
457 1266 541 1346 alia);
564 1266 658 1327 maior
675 1265 802 1345 Oppiani
821 1266 895 1327 fides
911 1267 997 1328 etiam
1019 1267 1050 1328 in
1071 1274 1234 1330 structura:
1257 1263 1312 1329 ὅτε

167 1362 264 1443 ἰχθδς
279 1362 375 1429 ἔνδον
401 1369 524 1445 ἵκηται,
551 1382 627 1444 quae
647 1364 679 1425 in
695 1364 876 1444 Chrysippo:
904 1358 984 1426 ὅταν
1006 1357 1138 1449 εἰςέλθη
1165 1389 1211 1441 τι,
1242 1385 1311 1428 cum

166 1465 299 1543 neglecta
317 1483 350 1525 ea
375 1482 391 1525 a
408 1463 567 1525 Plutarcho
582 1464 637 1538 sit3
662 1463 693 1524 id
713 1481 784 1524 casu
808 1463 871 1523 fieri
891 1463 989 1542 potuit
1008 1471 1042 1524 ut
1056 1466 1116 1527 duo
1131 1467 1311 1545 posteriores

165 1581 223 1625 una
248 1560 307 1645 τήν
333 1557 437 1644 ἄγραν
463 1570 610 1642 ponerent
624 1561 676 1623 uhi
691 1562 872 1642 Chrysippus
892 1559 930 1623 τδ
951 1556 1164 1645 ἀποληφθέν.
1209 1565 1312 1645 Neque

166 1660 307 1724 affirmari
333 1661 362 1721 id
389 1668 489 1741 potest
514 1662 593 1721 hunc
611 1659 720 1721 librum
741 1659 841 1738 ipsum
865 1677 931 1720 esse
957 1679 1046 1740 quem
1073 1680 1106 1722 so
1132 1662 1218 1742 sequi
1237 1663 1312 1724 Plu-

165 1760 288 1822 tarchus
310 1759 359 1820 ait.

250 1857 364 1917 Tamen
387 1861 487 1935 potest
512 1853 614 1915 luisse.
660 1855 762 1934 Neque
790 1855 848 1915 iam
880 1860 925 1916 est
952 1854 1031 1935 quod
1057 1861 1186 1930 taceam,
1216 1857 1312 1937 prima

165 1953 332 2035 philosophi
346 1952 434 2015 verba
455 1952 525 2013 dum
545 1953 610 2031 lego
631 1970 693 2013 non
714 1952 770 2013 levi
791 1971 908 2032 semper
930 1972 976 2014 mc
998 1953 1182 2017 dubitatione
1197 1957 1312 2018 turbari

167 2074 243 2134 quae
268 2059 354 2113 sunt:
385 2046 406 2134 ή
430 2053 510 2133 πίνη
538 2049 594 2112 καὶ
620 2047 640 2114 ό
666 2045 847 2133 πινοτήρης
872 2047 1014 2134 συνεργοὶ
1040 2048 1208 2137 ἀλλήλοις,
1239 2050 1311 2117 κατ’

168 2148 259 2214 ἰδίαν
287 2146 326 2212 οδ
355 2147 524 2231 δυνάμενα
553 2142 739 2231 συμμένειν.
783 2149 967 2212 vertendum
994 2151 1125 2214 videtur:
1156 2171 1223 2214 oum
1250 2171 1312 2214 non

166 2250 283 2332 possint
308 2249 403 2312 vivere
429 2250 496 2311 sine
521 2248 617 2320 socio;
647 2249 699 2310 sed
729 2268 783 2310 cur
812 2267 874 2311 non
902 2250 946 2311 rei
976 2252 1190 2314 convenienter
1215 2253 1312 2332 scrip-

166 2358 229 2412 tum
261 2357 305 2410 ost
333 2342 372 2411 οδ
401 2344 569 2428 δυνάμενα
600 2344 668 2430 ζήν,
699 2344 837 2430 διαζήν,
874 2344 1066 2420 σάζεσθαιί
1109 2351 1187 2419 Sane
1223 2352 1312 2413 etiam

166 2448 345 2529 συμμένειν
378 2447 620 2527 permansionem
654 2445 783 2527 aliquam
819 2444 982 2524 significat,
1018 2449 1071 2509 sed
1108 2467 1174 2510 eam
1212 2449 1311 2511 minus

165 2561 358 2626 personarum
389 2563 479 2624 quam
511 2562 612 2605 rerum
637 2552 666 2605 et
692 2545 786 2624 magis
816 2562 918 2606 carum
948 2564 985 2606 ex
1014 2546 1146 2626 partibus
1177 2543 1311 2626 pluribus

166 2642 411 2723 compositarum,
443 2642 483 2705 ita
510 2649 542 2702 ut
568 2642 740 2722 oppositum
768 2643 807 2704 sit
832 2660 895 2703 non
911 2643 1001 2717 mori,
1026 2644 1079 2705 sed
1109 2645 1236 2725 disiungi
1266 2644 1312 2706 vel

165 2742 283 2804 dissolvi
308 2741 341 2803 in
366 2748 464 2820 partes
490 2760 570 2814 suas,
599 2749 704 2821 estque
729 2732 767 2802 τδ
798 2743 833 2803 ἓν
859 2741 946 2804 εἰναι
971 2741 1035 2803 τῶν
1057 2739 1233 2824 διαιρετόν
1254 2743 1311 2822 (Gl.

165 2840 284 2901 Aristot.
306 2839 436 2919 Metaph.
454 2839 493 2900 12
508 2858 538 2919 p.
554 2838 628 2911 262,
646 2838 708 2918 11),
734 2838 774 2900 ita
801 2840 834 2900 ut
860 2841 1038 2921 συμμένειν
1064 2841 1204 2904 dicantur
1229 2858 1311 2923 συμ-

165 2937 293 3020 βάσιες,
321 2933 513 3019 δμαιχμίαι,
544 2934 671 3017 φιλίαι,
703 2935 881 3020 συνθήκαι,
913 2936 1039 3016 στάσις,
1072 2935 1183 3013 πόλις,
1214 2946 1312 3020 neque

167 3039 267 3098 minus
305 3043 372 3115 apte
410 3029 430 3096 δ
467 3030 550 3107 δπδς
588 3035 725 3097 Strabon.
746 3054 777 3115 p.
798 3035 875 3107 5253
912 3035 991 3098 idem
1021 3035 1097 3098 valet
1132 3038 1180 3099 illa
1218 3039 1311 3120 ipsius

167 3133 322 3214 Chrysippi
352 3131 501 3215 συμμονή
531 3130 587 3193 καὶ
617 3132 738 3215 συνοχή
776 3134 880 3196 mundi
916 3135 992 3213 apud
1018 3135 1211 3197 Plutarchum
1249 3139 1311 3199 Sto.

166 3253 227 3313 rep.
247 3232 327 3292 1054
339 3232 371 3292 F.
410 3233 513 3312 ltaque
532 3232 611 3294 idem
632 3238 736 3293 nostro
756 3232 820 3293 loco
841 3250 896 3312 pro
917 3229 1034 3315 διαζῆν
1053 3232 1185 3312 accipere
1208 3235 1311 3298 dubito

165 3333 253 3412 idque
269 3351 303 3393 eo
320 3331 423 3410 magis,
444 3330 512 3410 quia
533 3330 569 3391 de
585 3329 725 3391 societate
740 3329 835 3410 aliqua
851 3330 1021 3392 animalium
1038 3333 1134 3410 agitur
1150 3333 1313 3415 συνεργῶν

165 3439 196 3491 et
221 3426 460 3510 συμμενόντων.
501 3429 634 3509 Augetur
660 3428 791 3508 suspicio
817 3428 1038 3509 comparatione
1058 3429 1217 3492 verborum
1241 3431 1312 3494 Plu·

165 3526 259 3588 tarchi
287 3527 336 3607 qui
359 3527 555 3608 Chrysippum
581 3535 684 3607 aperte
710 3534 824 3606 spectat
844 3546 912 3589 cum
934 3527 974 3590 ita
990 3527 1155 3606 pinoteram
1177 3530 1312 3593 inducat:

166 3621 251 3687 άλλά
272 3623 398 3707 μᾶλλον
420 3619 478 3688 ἒπί
499 3621 556 3698 τάς
582 3625 674 3686 κατ’
703 3623 820 3687 ἰδίαν
846 3620 1061 3699 κοινονίας
1086 3620 1219 3691 αὐτῶν
1245 3627 1313 3690 καί

166 3721 410 3806 συμβιώσεις
441 3724 538 3788 ἰτέον.
581 3724 674 3788 Venia
701 3724 791 3805 igitur
821 3724 980 3789 conicienti
1010 3728 1067 3789 erit
1096 3729 1186 3790 etiam
1215 3729 1314 3809 priore

168 3823 233 3885 loco
256 3822 354 3899 verbis
382 3817 453 3883 κατ’
476 3821 568 3887 ἰδίαν
586 3825 764 3905 συμμένειν
783 3823 868 3904 quasi
889 3823 1018 3887 termino
1046 3835 1127 3889 certo
1153 3827 1206 3889 has
1233 3828 1312 3909 ipsas

170 3916 240 3983 κατ’
272 3918 366 3983 ἰδίαν
394 3919 597 4001 συμβιώσεις
623 3922 772 4002 designari
800 3923 955 4003 oppositas
985 3941 1034 3985 eas
1068 3924 1232 3988 maioribus
1266 3925 1313 4006 pi-

165 4021 259 4081 scium
275 4024 305 4080 et
325 4015 472 4100 δημοσίᾳ
492 4019 660 4082 constitutis
681 4020 873 4083 societatibus
895 4039 970 4102 quae
995 4024 1183 4086 antecedunt.
1228 4025 1314 4098 Quod

165 4118 190 4180 si
212 4125 385 4198 corruptum
409 4124 454 4179 cst
468 4111 642 4197 δυνάμενα,
669 4123 769 4179 tamen
796 4118 920 4187 tahhus:
947 4115 1021 4180 κατ’
1050 4116 1138 4183 ἰδίαν
1165 4119 1314 4185 εἰωθότα

164 4217 209 4278 rel
224 4216 403 4296 εἰθισμένοι
418 4217 596 4298 συμμένειν
611 4235 715 4277 vereor
731 4235 769 4277 ne
786 4236 905 4297 operam
926 4217 1104 4297 perdiderim
1129 4220 1313 4299 probabilius

166 4322 265 4376 autom
280 4315 311 4376 ni
322 4315 406 4382 lallor
420 4315 459 4377 ita
476 4315 672 4396 Chrysippum
689 4315 840 4397 scripsisse
856 4317 1004 4378 coniecto:
1031 4311 1051 4401 ή
1072 4315 1110 4378 δὲ
1125 4318 1206 4402 πίνη
1221 4319 1275 4381 καί
1292 4316 1312 4383 ό

164 4409 344 4496 πινοτήρης
359 4413 498 4495 συνεργὰ
514 4409 669 4496 ἀλλήλοις
684 4410 757 4476 κατ’
775 4412 879 4489 ἰδίαν,
900 4407 942 4477 οδ
964 4412 1111 4499 δημοσία
1137 4419 1313 4500 συμμίνει;
