2962 5010
629 299 851 366 ..81-

268 482 326 544 Per
347 499 434 543 senes
457 480 568 542 circum
592 499 687 561 usque
710 479 795 542 sinus
817 478 979 560 laqueabis‚
1003 485 1036 540 ut
1058 497 1179 543 emnem

268 580 420 660 Concipiet
441 587 524 658 tergo
546 580 571 641 si
594 579 749 661 quisquam
774 587 819 640 est
841 579 987 659 plurimus
1009 580 1139 640 hostem.
1253 610 1255 612 ·

167 708 208 768 lta
239 708 270 770 in
299 729 325 770 v.
349 704 389 769 28
419 709 582 770 Parisinam
612 705 817 769 membranam
848 717 1015 789 sequuntur
1044 707 1102 770 nisi
1132 710 1211 789 quod
1242 709 1312 770 haec

169 807 257 867 etiam
273 809 454 869 concordans
477 826 544 868 cum
559 805 685 868 Vindob.
706 824 761 886 pre
783 794 874 868 medio
895 807 1013 868 exbibet
1031 807 1177 870 memcda'o.
1206 809 1312 870 Videa-

169 923 235 965 mus
261 905 539 984 interpretationem
565 905 682 985 qualem
696 903 803 966 Ulitius
820 905 1039 968 Wernsdorfius
1062 905 1200 967 Sternius
1226 925 1313 968 cura-

168 1011 284 1063 verunt.
329 1003 420 1065 Linea
447 1003 589 1078 efficitur,
619 1002 644 1064 si
671 1001 755 1062 limbi
780 1011 922 1082 quattuor
946 1004 1031 1066 tenui
1058 1005 1107 1065 iilo
1132 1005 1225 1066 iuneti
1250 1013 1314 1067 tor·

167 1109 296 1181 queutur
312 1109 342 1162 et
357 1102 589 1180 adstringuntur.
621 1101 699 1162 Haec
713 1100 790 1162 linea
806 1109 851 1163 est
866 1095 886 1163 ὁ
901 1096 1114 1184 περίδρομος.
1144 1104 1205 1164 lam
1227 1105 1313 1165 audi:

166 1199 243 1260 Eum
265 1219 379 1262 cassem
395 1201 446 1279 qui
467 1200 504 1261 ab
525 1201 575 1261 illo
594 1200 763 1278 peridrome
779 1201 910 1263 nascitur
932 1203 1028 1262 medio
1052 1220 1117 1263 ore
1132 1198 1183 1282 (l),
1208 1201 1239 1263 id
1265 1209 1313 1264 est

167 1317 182 1358 a
212 1298 307 1359 media
333 1306 416 1378 parte
441 1298 601 1378 peridromi
627 1298 679 1376 (.),
711 1306 830 1378 oportet
859 1299 1109 1381 circumlaqueare
1138 1318 1191 1380 per
1221 1319 1312 1361 senos

167 1396 250 1458 sinus
276 1397 321 1458 vel
350 1395 520 1476 segmenta!
564 1397 609 1458 Os
640 1396 695 1458 hoc
724 1397 794 1476 quid
824 1398 880 1459 sibi
910 1398 979 1460 velit
1007 1398 1179 1478 intellegere
1208 1416 1313 1460 vereor

167 1502 199 1556 ut
225 1495 420 1574 intellegentia
440 1495 668 1575 prudentiorum
688 1495 823 1556 sufficiat.
859 1498 897 1558 At
918 1496 1056 1558 nevimus
1071 1497 1241 1576 peridrome
1263 1517 1313 1559 er-

167 1593 234 1654 bem
256 1593 346 1668 eflici3
367 1593 466 1673 itaque
488 1593 554 1655 orbe
576 1592 758 1655 substituere
783 1595 902 1656 festina.
946 1597 1045 1675 Atque
1066 1594 1125 1656 iam
1147 1596 1314 1676 acquiescat

167 1691 232 1770 quis
246 1691 372 1753 forsitan
392 1691 424 1751 in
439 1690 573 1753 Parisina
594 1691 736 1753 lectione:
761 1692 858 1765 „Tum
880 1693 980 1772 ipsum
1002 1711 1117 1755 cassem
1140 1693 1192 1772 qui
1214 1694 1312 1756 medio

166 1790 261 1851 lineae
284 1787 355 1851 erbe
380 1789 513 1851 nascitur
543 1789 828 1869 circumlaqueabis“
853 1810 915 1870 eqs.
960 1792 1017 1853 Sed
1043 1791 1116 1853 haee
1143 1809 1179 1852 es
1200 1791 1312 1854 Vindo-

166 1887 292 1949 bonensi
314 1888 448 1949 restituta
471 1888 538 1967 quis
560 1905 620 1948 non
643 1896 673 1950 et
694 1887 874 1965 elegantiora
906 1907 970 1952 esse
993 1897 1023 1950 et
1049 1889 1164 1952 veriora
1187 1889 1311 1955 sentiet:

267 1994 353 2060 Tunc
372 1998 472 2078 ipsum
495 2019 511 2060 e
534 1999 632 2062 medie
654 2016 778 2073 cassem,
801 2017 870 2080 quo
894 2001 1033 2079 nascitur,
1057 2001 1148 2065 erbe

267 2097 324 2158 Per
345 2115 436 2159 senos
458 2098 568 2160 circum
591 2087 685 2176 usque
706 2097 792 2159 sinus
814 2099 962 2180 laqueabis
978 2119 1040 2180 eqs.

169 2219 441 2303 Circumlaqueatur
463 2222 565 2285 ,cassis
592 2243 609 2284 e
643 2222 740 2284 medio
770 2223 957 2304 peridrome,
991 2223 1042 2286 ubi
1075 2224 1139 2305 ipse
1172 2223 1311 2296 nascitur,

166 2336 261 2399 usque
283 2322 319 2382 ad
334 2320 536 2401 peridremum
551 2338 605 2403 per
619 2339 709 2384 senes
724 2321 824 2397 sinus3
846 2330 934 2404 atque
956 2323 994 2385 ita
1017 2331 1159 2402 tergum
1175 2322 1225 2401 (ol.
1240 2324 1313 2387 Ver-

167 2417 436 2501 gliscentes)
460 2420 587 2492 eflicitur
609 2421 656 2482 vel
679 2415 699 2484 ot
725 2414 937 2504 κεκρύφαλος.

252 2518 291 2579 Ut
327 2536 395 2580 vero
431 2518 661 2582 Halieuticerum
699 2519 873 2582 memoriam
909 2519 1085 2582 resuscitem
1119 2518 1311 2582 Heiusianum

167 2615 238 2676 illud
253 2619 281 2678 si
291 2617 367 2697 sorte
384 2616 493 2698 eliquia,
511 2617 578 2680 dum
591 2628 754 2697 praenotet,
771 2628 849 2681 orote
862 2663 869 2679 .
884 2663 891 2679 .
906 2663 913 2678 .
928 2621 959 2679 io
973 2622 1078 2681 uimine
1092 2619 1171 2689 vidit,
1187 2619 1312 2699 praebet

167 2714 256 2776 etiam
286 2715 365 2796 qued
397 2722 515 2795 carpas}
550 2716 640 2778 nimis
670 2717 750 2778 euim
784 2716 855 2778 illud
875 2718 964 2778 'creto
993 2720 1098 2778 uimine
1128 2716 1312 2792 distractum,

167 2821 255 2892 atque
276 2815 311 2875 de
327 2824 482 2894 praenotet
505 2821 541 2876 ut
566 2816 602 2876 ad
618 2814 694 2876 Plini
709 2814 749 2876 IX
768 2815 828 2876 146
853 2823 882 2876 et
908 2815 944 2878 ad
970 2815 1197 2894 praenavigandi
1222 2833 1312 2877 usum

169 2912 332 2988 mittamur,
358 2921 459 2974 tamen
486 2913 585 2974 minus
612 2914 681 2975 dum
700 2923 855 2994 praenotet
880 2930 967 2994 quam
991 2917 1043 2994 qui
1055 2913 1247 2992 praeconabat
1266 2913 1313 2974 di-

167 3009 293 3071 cendum
309 3009 372 3071 luit
405 3008 497 3072 Perre
514 3010 583 3071 dam
597 3011 715 3090 planam
731 3013 866 3073 voculam
882 3011 988 3074 abiisse
1011 3011 1042 3072 in
1064 3011 1130 3073 dum
1144 3028 1206 3074 nen
1221 3010 1312 3073 nimis

166 3109 227 3169 veri
242 3109 348 3182 simile,
373 3109 501 3189 denique
516 3120 631 3171 uetaret
645 3110 725 3190 quod
747 3110 876 3172 traditur
890 3118 985 3171 metro
1009 3110 1139 3172 clausula
1160 3108 1314 3190 aptissima

167 3215 222 3271 est.
252 3207 500 3269 Proficiscendum
524 3214 570 3269 est
592 3207 628 3269 ab
651 3208 764 3289 uliquis.
794 3209 909 3288 Nempe
930 3208 982 3289 qui
1003 3209 1040 3271 ad
1061 3225 1178 3271 scarum
1195 3209 1314 3270 accedet

167 3324 229 3369 non
251 3307 386 3387 aliquis
408 3325 511 3369 scarus
532 3306 598 3379 crit,
616 3307 672 3369 sed
694 3306 795 3368 alius.
834 3307 897 3369 Hoc
918 3326 975 3369 usu
998 3307 1139 3368 docemur
1160 3306 1312 3388 loquendi,

167 3405 309 3468 docemur
330 3405 418 3467 etiam
440 3425 455 3466 a
478 3403 574 3467 Plinio
596 3405 647 3485 qui
669 3405 768 3467 locum
791 3414 930 3470 nestrum
959 3405 1000 3466 ita
1027 3404 1188 3486 expressit:
1212 3424 1313 3489 „quem

165 3504 309 3566 luctatum
332 3508 392 3566 oties
414 3504 439 3565 si
461 3504 539 3566 terte
561 3503 634 3566 elius
655 3520 756 3567 merus
777 3507 954 3568 manaseas
976 3503 1108 3580 videat“;
1131 3522 1229 3585 neque
1250 3523 1313 3566 non

168 3601 206 3663 ab
232 3600 366 3681 Oppiano
393 3602 444 3683 qui
469 3603 569 3664 babet:
596 3599 738 3665 πολλάκι
765 3600 804 3664 dd
824 3646 832 3664 .
850 3647 882 3664 ..
904 3593 1004 3685 οὐρὴν
1030 3599 1147 3676 ἄλλος
1172 3599 1312 3686 decerpe.

166 3701 264 3781 Atque
298 3699 341 3760 sic
366 3700 460 3763 nactis
485 3701 573 3762 nobis
602 3701 682 3763 unde
703 3700 831 3781 pendeat
862 3710 979 3764 aotam
1005 3702 1041 3764 ad
1074 3701 1313 3764 emendationem

167 3799 234 3860 talis
256 3805 379 3877 paratus
401 3815 503 3860 versus
526 3805 585 3860 est:

267 3907 345 3982 Quin
368 3907 456 3969 etiam
479 3908 505 3969 si
525 3908 601 3971 lorte
623 3910 698 3970 alius
720 3909 772 3990 qui
794 3910 918 3990 dampno
942 3916 1067 3972 nataret.

167 4020 333 4082 inferamus
357 4019 447 4093 Plini,
475 4020 584 4101 inquis,
612 4025 801 4093 extrinsecus,
829 4021 980 4084 Plutarchi
1002 4018 1147 4095 ἔξωθεν,
1176 4016 1313 4082 ἔκτοθεν

168 4117 305 4199 Oppiani.
344 4119 474 4181 Frustra.
518 4119 564 4183 dn
586 4121 708 4183 subesse
732 4121 846 4183 credas:
869 4125 919 4202 qui
938 4123 977 4184 ed
998 4130 1055 4182 rete
1077 4123 1187 4181 notarat
1206 4119 1253 4180 vel
1274 4118 1313 4180 od

167 4217 295 4280 claustra
328 4218 374 4280 vel
406 4219 444 4280 od
477 4219 638 4300 quodquod
666 4220 746 4281 voles
773 4228 824 4282 aut
850 4221 979 4300 denique
1006 4224 1057 4300 qui
1078 4223 1154 4298 poue
1180 4214 1312 4280 natoritP

167 4317 269 4397 ltaque
292 4326 376 4381 caute
399 4336 530 4397 agamus,
554 4318 672 4399 vestigia
694 4319 859 4381 litterarum
881 4336 1065 4399 premamus.
1109 4317 1210 4380 Unum
1232 4315 1312 4396 qued

167 4414 311 4495 scriptum
333 4416 404 4478 elim
426 4417 519 4480 luisse
539 4434 601 4480 nen
619 4426 718 4500 petest
736 4432 794 4500 pro
815 4417 923 4500 syllaba
946 4424 1007 4496 est3
1029 4434 1123 4479 unum
1146 4415 1209 4479 lere
1231 4415 1312 4479 unde

219 4513 309 4566 Birt,
330 4512 360 4560 de
373 4512 517 4562 hanenstein.
1133 4519 1150 4572 6
