2962 5010
632 273 874 336 —183-

180 470 249 512 esse
264 450 423 512 credideris
439 470 498 530 quo
513 467 592 510 enno
604 450 716 511 Plinius
729 449 868 511 historiae
881 449 1007 510 naturali
1021 448 1155 528 praefixit
1170 449 1328 528 praelatio-

181 569 253 611 nem
276 557 425 629 quatenus
446 549 476 609 in
493 549 580 636 buius
592 553 610 623 ξ
623 549 662 609 24
679 549 757 609 inter
771 566 944 626 graecorum
960 547 1102 608 librorum
1118 546 1327 627 inscriptiones

181 660 214 710 et
247 648 367 729 quidem
403 648 620 709 continentium
649 646 853 726 cyclopaedian
885 646 1045 724 castigatur
1074 645 1207 706 aPlinio
1239 645 1325 705 etiam

180 743 307 826 λειμών
328 765 389 825 quo
412 746 533 806 nomine
552 746 603 825 qui
625 746 708 806 liber
721 754 839 824 praeter
854 743 1060 823 Pamphilcum
1084 745 1244 805 denotetur
1266 761 1327 804 non

181 845 316 911 videmus
330 844 387 906 nisi
399 845 475 905 forte
488 844 593 905 limen
604 844 653 905 ille
662 843 810 905 Ciceronis
822 842 965 923 poeticus.
989 841 1115 921 Hesychi
1131 841 1274 921 epistulae
1289 842 1325 904 ad

181 943 340 1022 Eulogium
377 943 503 1022 scriptae
539 943 664 1022 primam
702 949 816 1021 partem
855 943 918 1003 lere
954 941 990 1002 ad
1029 939 1151 1001 verbum
1190 959 1226 1002 ex
1263 940 1326 1019 ipsa

178 1041 448 1120 diogenianeorum
471 1036 780 1122 περιεργοπενήιων
802 1039 986 1119 praefatione
1002 1047 1153 1118 sumptam
1175 1046 1325 1118 putamus3

178 1139 287 1200 dicitur
319 1148 418 1200 autem
454 1138 502 1200 bic
528 1156 589 1199 non
617 1157 689 1199 usus
713 1157 777 1199 esse
801 1138 998 1217 diogenianus
1023 1137 1080 1199 nisi
1102 1135 1222 1207 λέξεων
1244 1137 1325 1199 libris

180 1234 264 1298 καιολ
289 1246 454 1315 στοιχείου
481 1237 658 1317 conscriptis
688 1245 718 1296 et
740 1237 904 1298 Homericis
930 1237 1007 1298 velut
1029 1224 1148 1316 Apionis
1171 1235 1324 1316 Apolloni·

179 1355 238 1416 que
270 1345 301 1396 et
332 1336 449 1416 tragicis
480 1335 600 1397 comicis
625 1335 738 1414 didymi
761 1336 892 1397 Theonis
915 1342 944 1396 et
971 1335 1069 1414 lyricis
1100 1343 1129 1396 et
1152 1334 1325 1407 rhetoricis;

178 1434 252 1514 quin
273 1433 361 1496 etiam
383 1434 482 1496 loricis
498 1433 638 1495 historiae
660 1443 749 1514 atque
771 1434 986 1496 medicinarum
1002 1434 1182 1513 scriptorum
1197 1433 1324 1497 redactis

177 1534 215 1594 ad
250 1534 387 1595 ordinem
424 1534 607 1610 litterarum3
651 1532 759 1612 quibus
796 1533 929 1613 pergitur
964 1552 997 1594 ea
1031 1540 1188 1594 traxerunt
1221 1532 1324 1595 vitium

178 1623 369 1715 συλλήβδην
412 1627 449 1693 δὲ
492 1627 578 1712 δμού
624 1626 785 1712 οὐδεμίαν
830 1629 918 1702 λέξιν
954 1625 1032 1704 dere
1068 1628 1235 1714 παρέλιπε
1272 1631 1323 1693 ubi

178 1727 322 1793 Weberus
343 1749 406 1793 non
422 1730 511 1791 nimis
526 1728 719 1810 probabiliter
741 1726 899 1802 ἑκουσίως
917 1727 1094 1810 παρέλιπε.
1131 1729 1203 1790 Prae
1220 1730 1324 1791 ceteris

176 1836 278 1891 autem
291 1831 348 1892 hoc
359 1829 493 1891 demiror
508 1828 587 1908 qnod
612 1847 700 1891 nemo
717 1828 828 1907 estqui
844 1846 906 1888 non
921 1828 993 1889 illud
1009 1819 1096 1908 ὁμοῦ
1111 1828 1217 1889 eodem
1233 1846 1323 1891 sensu

176 1944 237 2007 quc
258 1923 443 2010 συλλήβδην
462 1928 607 2007 acceperit
630 1927 714 2008 quasi
729 1944 792 1988 non
807 1927 897 1988 nimis
921 1927 992 1988 inde
1010 1943 1110 1988 sermo
1131 1926 1271 2005 ineptiret
1293 1936 1323 1989 et

174 2026 260 2106 quasi
270 2027 312 2091 ita
321 2027 497 2088 dedecorare
509 2043 680 2087 sermonem
689 2026 811 2086 omnino
824 2042 1012 2104 cogeremur3
1027 2024 1216 2104 nequeenim
1237 2020 1322 2105 ὁμοῦ

174 2143 231 2204 pro
251 2122 369 2203 σχεδὸν
388 2132 564 2206 usurpatum
590 2125 754 2203 ignoratur.
791 2124 888 2197 Quare
905 2141 958 2202 ogo
980 2124 1019 2184 ita
1034 2123 1126 2185 satius
1142 2123 1218 2184 duco
1233 2123 1321 2185 verba

173 2223 336 2302 reingere:
358 2215 543 2306 συλλήβδην
559 2219 594 2284 δὲ
610 2218 696 2304 ὁμοῦ
711 2217 869 2304 οὐδεμίαν
883 2214 973 2294 λέξιν
987 2223 1067 2296 ἴσως
1089 2243 1127 2299 γε
1140 2219 1320 2303 παρέλιπε

174 2340 272 2403 „quoe
293 2322 383 2384 lexica
406 2340 500 2402 paene
523 2322 622 2384 omnia
636 2322 836 2402 complectens
851 2322 966 2382 nullum
989 2321 1073 2381 lacile
1088 2321 1239 2400 reliquit‘,
1261 2340 1320 2400 quo

174 2420 354 2501 llesychium
373 2421 445 2482 satie
466 2431 551 2483 cauto
567 2420 739 2499 Diogeniani
758 2420 845 2481 verba
860 2419 971 2481 relerre
987 2419 1200 2497 cognoscimus.
1239 2419 1320 2492 Quae

175 2519 348 2598 bioganiani
369 2518 457 2581 verbe
473 2519 550 2580 intra
566 2519 649 2600 quasi
670 2518 801 2580 imitatus
816 2517 977 2598 Hesychius
993 2525 1054 2578 est:
1077 2511 1175 2589 αὐτὸς
1187 2516 1321 2597 (irrepsit

172 2614 213 2678 dd
225 2636 328 2681 errore
343 2618 414 2680 satis
428 2617 550 2698 volgari)
567 2615 640 2695 ἰδία
650 2614 736 2697 χειρὶ
752 2612 908 2698 γράφων.
924 2660 952 2677 ..
976 2613 1066 2687 λέξιν
1084 2613 1145 2697 μὲν
1160 2610 1320 2699 οὐδεμίαν

171 2714 361 2797 παρέλιπον
394 2719 548 2798 κειμένην
579 2714 615 2777 ἓν
637 2711 750 2787 αὐτοῖς
780 2715 836 2777 uisi
864 2714 943 2795 quod
977 2712 1064 2786 λίξις
1097 2715 1145 2776 hic
1180 2715 1317 2777 vocabula

171 2814 296 2894 singula,
329 2815 389 2876 illic
410 2823 473 2876 tota
501 2816 592 2877 toxica
615 2815 770 2894 significat.
815 2814 909 2875 Verba
931 2833 1001 2876 vero
1023 2812 1088 2876 τῶν
1104 2809 1317 2895 Ἀριστάρχου

172 2912 228 2974 καί
257 2907 449 2986 Ἀππίωνος
481 2913 539 2977 καλ
573 2909 776 2995 Ἡλιοδώρου
812 2910 931 2983 λέξεων
965 2907 1154 2994 εὐπορήσας
1184 2913 1239 2972 καὶ
1277 2909 1318 2973 εὐ

171 3008 290 3091 βιβλία
322 3011 503 3094 προθεὶς·
532 3010 753 3088 Διογενιανοῦ
788 3011 828 3072 ite
862 3011 1075 3090 interpretatus
1099 3010 1243 3072 Weberus
1272 3019 1318 3072 est

169 3129 200 3190 p.
216 3109 257 3171 35
279 3119 313 3172 ut
334 3128 436 3172 verear
459 3119 491 3173 ut
513 3110 601 3172 tidem
630 3110 656 3171 ei
678 3108 787 3170 hahere
810 3109 968 3188 quisquam
990 3110 1097 3189 possit.
1142 3110 1236 3170 Immo
1260 3110 1315 3183 „ad

170 3226 292 3270 menum
313 3210 403 3271 habet
424 3209 586 3290 hesychius
608 3209 719 3289 quippe
741 3208 933 3270 Alexandriae
949 3208 1152 3270 Aristarchum
1168 3209 1315 3289 Apionem

170 3306 363 3369 Heliodorum
384 3315 415 3368 et
436 3317 535 3369 tamen
558 3306 599 3369 eis
622 3307 762 3387 praetulit
788 3307 881 3369 libros
903 3306 1113 3387 diogeniani“:
1148 3307 1206 3369 hoc
1235 3308 1315 3369 enim

169 3405 278 3485 aliquid
301 3414 380 3466 certe
395 3414 442 3466 est
462 3406 540 3485 quod
563 3406 728 3484 ingenue
752 3406 915 3466 fateatur
937 3406 1078 3486 scriptor:
1103 3401 1162 3467 οὐκ
1185 3401 1314 3490 ὀκνήσω

168 3499 252 3584 μετὰ
273 3501 460 3586 παρρησίας
483 3504 606 3579 εἰπεῖν,
630 3522 706 3584 quae
722 3505 810 3566 verba
833 3505 917 3566 aliter
932 3504 991 3565 vim
1018 3504 1129 3567 nullam
1146 3504 1314 3581 habebunt3

168 3620 236 3663 cum
259 3620 333 3665 vana
365 3612 464 3665 autem
488 3604 622 3665 iactantia
649 3605 730 3666 addit
762 3601 848 3667 ἀλλὰ
874 3602 930 3665 καὶ
958 3602 1102 3666 πλείστα
1130 3593 1190 3682 οὐχ
1213 3600 1315 3687 εὑρών

167 3700 392 3782 προςτέθεικα
426 3720 459 3761 ea
486 3701 599 3764 scilieet
625 3720 700 3782 quae
732 3705 810 3783 apud
840 3702 1052 3783 diogenianum
1086 3702 1195 3764 trustra
1222 3721 1313 3782 quae-

168 3799 265 3873 sierat,
289 3800 366 3879 apud
389 3799 522 3879 reliquos
543 3818 604 3861 non
628 3801 804 3881 quaesierat.

252 3899 312 3960 lam
347 3917 417 3961 vero
450 3916 548 3978 neque
584 3900 620 3960 ad
656 3901 840 3979 Epaenetum
878 3918 1005 3980 propero
1043 3899 1167 3979 eiusque
1204 3899 1311 3961 librum

167 3991 392 4079 ὀψαρτυτικὸν
420 3998 466 4058 vel
489 3995 567 4077 περὶ
592 3994 720 4075 ἰχθύων
747 3998 829 4077 (inde
853 4018 876 4059 α
901 4017 929 4076 g.
952 3996 1095 4078 γναφεὺς
1117 3998 1229 4077 piscem
1252 3998 1312 4061 He-

167 4095 302 4174 sychius3
333 4096 370 4156 cl.
394 4095 488 4156 Ranhi
511 4095 547 4156 de
569 4096 626 4156 len.
650 4095 719 4158 Hes.
742 4115 773 4175 p.
797 4095 856 4156 106
873 4099 930 4174 sq.)
965 4113 1064 4175 neque
1097 4096 1134 4157 ad
1161 4095 1234 4156 alios
1260 4098 1311 4177 qui

167 4193 205 4256 de
239 4195 368 4275 piscibus
406 4212 496 4274 opera
533 4192 762 4276 καταλογάδην
806 4194 1011 4257 condiderunt.
1064 4194 1180 4257 Sufficit
1223 4195 1310 4258 nobis

167 4295 246 4373 quod
268 4293 466 4373 Diogenianus
494 4312 528 4354 se
561 4312 647 4354 usum
676 4312 741 4355 esse
767 4294 867 4355 lexicis
889 4302 1015 4356 testatur
1037 4313 1073 4355 ex
1096 4294 1308 4357 medicinarum

165 4391 361 4474 scriptoribus
375 4393 513 4455 tractis.
530 4392 758 4473 (hippocratoas
790 4391 932 4454 lectiones
966 4393 1097 4455 ostendit
1124 4393 1309 4463 Schmidtius

397 4658 429 4707 Ο
