2962 5010
691 303 911 368 ..gg-

249 510 292 525 ·-··
331 481 382 543 'lu
404 481 506 561 prooul
529 488 670 543 eventura
695 481 784 552 vides,
806 480 875 543 tibi
899 479 1016 543 deditus
1037 495 1131 556 augur
1222 508 1224 513 ·

253 612 256 619 ·
375 581 438 642 Scit
460 581 537 642 beno
560 580 632 660 quid
653 581 706 642 lati
728 581 851 660 provida
874 585 973 642 cantet
996 577 1058 639 avis
1115 624 1118 629 .

333 679 463 758 Tuque
485 679 562 757 regis
585 687 692 751 sortes·
712 697 766 758 per
789 687 819 740 te
841 677 1007 758 praesentit
1027 693 1153 756 aruspex
1168 693 1231 754 eqs.

229 791 299 850 lam·
330 802 399 851 tero
436 790 468 851 iu
504 806 591 852 tarsu
624 790 810 852 llalieuticon
846 790 912 851 tali:
954 788 1077 868 lucipeta
1111 802 1267 868 saepesque
1299 788 1376 847 aetas

230 890 398 968 11191111
427 888 482 950 ota
509 889 797 968 superfluumoerte
823 889 868 948 vel
893 897 921 950 et
943 887 1092 948 videbitur
1117 887 1163 948 vel
1187 885 1266 964 quod
1295 884 1375 944 idem

231 987 310 1049 lueet
329 990 424 1051 edam.
466 987 565 1060 Quam
588 988 711 1067 polelire
734 996 854 1048 econtra
877 1006 893 1049 a
915 985 1041 1065 Vergilio
1070 995 1098 1046 et
1117 983 1322 1064 interponitur
1343 982 1376 1042 in

232 1083 426 1168 ἐπιτιμήσει
448 1086 497 1148 illa
519 1089 591 1147 Aen.
608 1084 691 1146 1185
707 1087 757 1161 (11.
772 1082 900 1148 Macrobi
915 1085 953 1147 lV
969 1084 1037 1163 24):

331 1186 443 1246 Aeneas
467 1185 589 1264 ignarus
613 1184 705 1245 abest.
750 1184 872 1263 lgnarus
895 1191 925 1245 et
947 1181 1037 1245 absit!

235 1297 309 1358 Item
333 1297 448 1376 egregie
472 1296 596 1358 Ovidius
618 1297 687 1358 Met.
703 1295 740 1357 vl
755 1294 792 1372 33
815 1294 963 1371 X112133
985 1314 1021 1356 ex
1036 1295 1133 1356 Ponto
1147 1293 1185 1355 lv
1199 1291 1229 1365 9,
1244 1290 1301 1353 63:

331 1395 466 1457 Laudare
486 1412 592 1476 parum
614 1404 667 1457 est.
711 1395 881 1456 Laudemus
902 1403 931 1456 et
954 1393 1044 1474 ipsae.

332 1493 488 1557 Haemonii
510 1512 648 1574 proceres
667 1495 806 1567 aderant3
829 1493 984 1556 aderamus
1007 1490 1124 1572 stipsi.

333 1591 383 1654 Sic
405 1601 438 1654 tu
461 1593 505 1654 bis
528 1593 619 1655 fueris
643 1592 756 1666 consul,
780 1593 824 1654 bis
848 1591 954 1654 consul
976 1599 1007 1652 et
1029 1591 1087 1651 ille.
1205 1607 1207 1611 ⁴

234 1704 327 1765 dta‘aaa
355 1705 534 1785 supponitur
559 1726 585 1771 1.
606 1725 633 1784 g.
654 1705 722 1769 1111.
744 1706 807 1769 Vlll
829 1705 888 1766 747
899 1724 905 1767 :
939 1722 1022 1783 saepe
1047 1703 1099 1765 sul>
1126 1703 1271 1775 dac....‚
1294 1719 1376 1780 saepe

232 1806 325 1864 etiam.
370 1804 413 1865 lta
435 1823 542 1884 quoque
564 1804 676 1869 ibidem
691 1826 717 1866 v.
734 1805 795 1866 735
812 1814 842 1868 et
856 1804 935 1867 Fast.
951 1803 964 1865 l
980 1802 1059 1865 361:
1085 1800 1177 1880 Culpa
1198 1805 1245 1865 sui
1262 1803 1375 1873 aooue't3

232 1905 326 1963 nocuit
342 1920 448 1983 quoque
470 1905 555 1983 culpa
569 1904 705 1984 capellae.
736 1905 796 1967 Sed
810 1903 880 1967 talia
894 1920 963 1967 cum
977 1902 1128 1980 anaphora
1142 1900 1192 1963 illa
1206 1899 1239 1963 in
1253 1898 1376 1961 Halieu-

232 2001 298 2061 tiois
322 2000 405 2063 obvia
429 2019 599 2081 comparare
622 2003 668 2063 vix
690 2002 766 2065 serio
789 2001 870 2074 licet,
896 2001 984 2065 liceat
1004 1999 1197 2079 Propertiana
1218 1996 1375 2071 nonnulla,

233 2108 320 2178 atque
346 2100 416 2165 iude
444 2101 534 2163 etiam
555 2101 792 2177 ,discernendum
821 2101 899 2162 inter
926 2108 1030 2179 poetas
1062 2117 1128 2161 esse
1157 2106 1188 2158 et
1209 2097 1374 2159 molliorem

233 2199 352 2278 quidem
375 2197 599 2277 Propertianum
630 2200 766 2262 diffluere
793 2217 964 2263 sermonem
987 2197 1193 2278 cognoscitur:
1222 2195 1271 2257 hio
1293 2193 1374 2256 enim

232 2294 1023 2376 124,13;11111111Ι1,11;11116,111111;

332 2407 498 2469 Contendat
520 2427 638 2473 mecum
657 2409 779 2487 ingenio
801 2407 964 2469 contendat
984 2415 1014 2469 et
1036 2414 1100 2470 arte

331 2504 405 2566 Ossa
426 2507 480 2568 tibi
501 2506 566 2568 iuro
589 2526 642 2587 per
664 2508 767 2569 matris
791 2515 820 2568 et
842 2525 907 2569 ossa
930 2507 1078 2587 parentis,

330 2603 418 2665 Ferte
439 2622 492 2684 per
515 2613 662 2669 extremas
685 2613 788 2685 gentes
810 2613 839 2666 11
861 2602 937 2667 ferte
959 2623 1013 2687 per
1036 2604 1130 2666 undas

331 2702 461 2764 Caesaris
482 2701 555 2765 haee
576 2704 669 2766 virtus
692 2712 722 2765 et
743 2703 835 2783 gloria
859 2701 990 2767 Caesaris
1013 2704 1084 2767 haee
1106 2709 1160 2764 est

230 2813 343 2875 'lamen
366 2815 444 2894 apud
467 2815 594 2877 eundem
611 2815 668 2888 18,
686 2804 781 2896 25sq.
807 2816 903 2877 omitti
925 2826 951 2876 et
973 2814 1020 2877 vix
1041 2821 1170 2896 poterat:

329 2926 366 2987 Et
388 2926 484 2988 dicem
508 2927 628 3000 „lieet
650 2928 779 2988 Autariis
802 2927 936 2988 considat
958 2926 989 2989 in'
1012 2925 1071 2988 oris

331 3024 373 3086 Et
394 3024 483 3086 licet
504 3024 622 3106 Hylleis
645 3024 692 3087 illa
713 3020 814 3088 futura
831 3040 902 3087 ¹mea
926 3028 999 3087 est“.

231 3136 326 3214 Atque
348 3135 403 3197 ista
426 3155 479 3215 ego
495 3139 596 3200 omnia
618 3157 680 3201 non
702 3137 795 3218 magis
811 3136 847 3199 ad
870 3137 1096 3219 suspectandam
1111 3118 1371 3213 111111111111111111-

229 3233 295 3294 tiois
317 3233 474 3296 lectionem
497 3240 615 3316 iusa’paa's
637 3248 663 3298 et
685 3238 739 3298 alis
761 3243 983 3315 argumentum,
1014 3252 1102 3315 quam
1131 3232 1165 3294 ad
1193 3232 1371 3310 anaphoram

224 3331 307 3410 apud
321 3341 424 3410 poetas
446 3333 553 3396 latinos
567 3334 758 3416 prudentiore
779 3335 886 3396 iudicio
902 3330 1126 3396 examinandam
1145 3329 1372 3392 incitamentum

229 3430 435 3513 e'sse'aliquod
457 3432 538 3495 uolui
559 3435 861 3515 quantulumcunque.

315 3722 373 3783 Sed
407 3722 444 3782 ad
479 3722 678 3785 deliniendam
712 3741 770 3802 qua
802 3722 911 3802 scripta
944 3721 1107 3785 Halieutiaa
1138 3719 1226 3783 latina
1259 3717 1372 3779 luerint

230 3827 357 3883 aetatem
385 3829 436 3883 aut
464 3820 579 3898 egregie
606 3821 696 3883 lallor
723 3830 775 3883 aut
804 3821 939 3883 conferet
965 3821 1056 3889 etiam
1079 3820 1169 3883 altera
1191 3835 1259 3899 pars
1282 3815 1371 3877 huius

229 3919 436 3998 disputationis
470 3918 506 3979 ad
534 3937 623 3998 quam
649 3920 874 3997 procedendum
903 3939 983 3984 nuno
1008 3929 1063 3983 est
1112 3920 1176 3983 lam
1202 3917 1282 3979 enim
1308 3932 1371 3975 non

229 4035 399 4078 sermonem
419 4016 561 4079 'curantes
583 4017 637 4079 sed
651 4033 725 4090 reru,
749 4019 881 4097 primum
897 4021 1055 4083 ostendere
1070 4016 1281 4099 proposuimus
1297 4012 1372 4074 nihil

229 4117 265 4176 de
287 4136 342 4177 suo
365 4116 482 4179 dedisse
503 4125 632 4194 poetam,
655 4117 757 4198 omnia
770 4118 975 4198 compilavisse
991 4139 1027 4181 ex
1040 4118 1117 4188 aliis,
1139 4116 1178 4178 ita
1193 4123 1228 4177 ut
1249 4112 1371 4176 ridicule

229 4233 344 4276 errasse
358 4215 470 4278 Plinius
486 4216 627 4279 dicendus
643 4226 724 4283 esset
744 4234 802 4279 neo
816 4236 877 4281 non
892 4217 970 4281 inter
990 4223 1137 4285 nostrates
1159 4213 1213 4294 qui
1231 4229 1300 4273 eum
1322 4228 1370 4270 se·

228 4323 390 4392 querentur
413 4323 442 4375 et
468 4317 547 4395 quod
569 4325 656 4381 caute
680 4317 814 4396 Zingerle
836 4317 955 4397 scripsit
975 4335 1007 4396 p.
1024 4314 1100 4379 120:
1128 4313 1194 4380 dass
1216 4310 1293 4378 auch
1319 4308 1371 4369 der

228 4413 380 4476 Verlasser
405 4415 458 4475 der
481 4414 642 4484 doueutiea
664 4400 719 4483 uei'
735 4416 805 4486 ,dem
835 4416 914 4479 noeti
936 4433 970 4476 ao
994 4413 1111 4500 kleinen
1132 4410 1255 4475 Gabiete
1279 4412 1369 4473 doeh
