2962 5010
620 251 864 314 -124-

168 431 264 493 rivum
290 430 462 511 fontemque
489 429 674 491 uberrimum
702 427 811 508 pariter
836 426 943 487 adiisse
970 425 1121 487 iudicares.
1162 425 1264 504 ltaque
1286 425 1320 486 in

169 530 308 592 carminis
335 530 470 608 exemplo
491 529 544 589 has
571 527 693 607 quidem
720 544 781 586 non
807 525 1002 599 invenerant3
1029 525 1109 585 unde
1135 523 1226 602 igitur
1252 530 1319 584 orta

169 627 283 691 consilii
308 628 402 708 ipsius
429 623 613 689 consensio?
648 624 783 686 Tertium
810 640 871 684 non
897 622 981 684 video
1008 621 1067 684 sed>
1086 630 1137 684 aut
1164 623 1200 683 ad
1227 622 1318 682 fortis

167 728 305 788 fortunae
321 727 462 789 auxilium
478 725 631 806 explicatio
646 729 780 786 recurret
802 729 854 784 aut
868 728 1025 791 statuetur,
1042 721 1122 800 quod
1137 720 1227 781 statui
1243 738 1317 781 sane

169 843 231 886 non
245 824 477 904 improbabiliter
491 824 616 904 poterit,
638 823 739 902 ipsum
755 821 840 884 Ovidi
861 819 1015 882 clarissimi
1037 819 1216 881 halieuticon
1231 819 1318 897 frag-

169 931 303 984 mentum
326 930 354 983 et
369 932 476 985 notum
493 922 628 1002 Oppiano
646 922 727 999 etad
743 938 866 982 manum
882 918 972 980 fuisse
987 923 1075 998 atque
1101 924 1136 981 ut
1160 935 1222 999 rem
1251 935 1319 978 am-

168 1021 295 1102 pliorem
319 1020 470 1088 exhiberet
485 1021 569 1082 Ovidi
593 1019 726 1099 exemplo
749 1019 903 1080 incitatum
920 1017 1097 1097 Chrysippea
1119 1016 1226 1096 scripta
1243 1016 1316 1077 doc-

168 1119 284 1181 tissimo
315 1119 421 1201 cuique
447 1120 483 1183 ad
510 1120 585 1181 viam
612 1117 736 1180 iacentia
763 1117 862 1197 ipsum
889 1126 1007 1197 quoque
1033 1113 1190 1188 evolvisse,
1220 1132 1318 1194 eaque

168 1227 314 1298 quatenus
341 1218 473 1297 placebat
499 1217 689 1296 excerpsisse,
721 1225 751 1278 et
772 1214 914 1277 Ouidiana
947 1222 977 1275 et
998 1232 1074 1293 quae
1100 1211 1217 1274 residua
1244 1211 1317 1272 Ovi*

169 1315 234 1377 dius
253 1316 423 1396 reliquerat.
456 1319 538 1392 Quae
559 1315 726 1377 coniectura
748 1315 772 1375 si
792 1312 937 1376 obtinebit
951 1347 993 1355 —
1006 1330 1105 1392 neque
1122 1329 1175 1390 ego
1191 1311 1315 1372 alteram

168 1415 252 1477 video
267 1453 319 1488 —,
345 1415 553 1477 similitudines
581 1414 709 1495 Oppiani
736 1413 824 1475 etiam
851 1411 979 1492 reliquas
1006 1410 1108 1473 eadem
1135 1409 1252 1471 ratione
1279 1429 1315 1470 ox
1375 1473 1376 1476 ,

168 1512 253 1574 Ovidi
279 1513 467 1593 explicandas
492 1511 619 1575 lectione
646 1531 711 1573 esse
736 1511 815 1572 hunc
835 1517 865 1572 et
890 1509 975 1571 illum
1001 1507 1313 1571 contendere'audio:

168 1611 341 1673 divisionem
371 1612 505 1675 locorum
534 1611 690 1692 ipsamque
720 1610 845 1691 piscium
876 1607 1118 1670 distributionem
1155 1606 1187 1668 in
1221 1605 1314 1668 latino

166 1711 299 1790 exemplo
325 1729 393 1798 cum
409 1709 523 1783 viderit,
551 1729 641 1772 novas
656 1709 824 1789 Oppianum
851 1707 1060 1788 plenioresque
1085 1723 1187 1767 rerum
1213 1705 1313 1785 copias

169 1800 373 1889 anquisivisse
400 1808 491 1870 simul
516 1827 570 1889 pro
597 1828 685 1890 prava
710 1807 789 1869 illius
815 1803 999 1891 neglegentia
1025 1810 1124 1884 aptam
1152 1821 1252 1866 curam
1280 1823 1314 1866 ac

168 1907 349 1986 diligentiam
375 1902 567 1986 impendisse,
595 1907 627 1968 in
657 1906 746 1968 rebus
773 1904 925 1967 nonnullis
950 1904 1079 1965 fortasse
1104 1902 1156 1965 sed
1182 1902 1313 1982 parvulis

167 2006 255 2067 etiam
282 2005 461 2085 expressisse
487 2000 585 2077 latina,
612 2013 691 2068 certe
717 2024 820 2067 versus
842 2003 970 2084 Oppiani
993 2001 1112 2082 [Obsq.
1133 2001 1313 2080 interpreta-

167 2105 278 2166 tionem
306 2124 372 2167 csse
400 2123 539 2166 versuum
555 2104 640 2167 Ovidi
656 2105 750 2184 Ofsq.
786 2105 881 2177 Onam
907 2121 962 2182 ogo
989 2101 1189 2164 coniecturam
1216 2118 1314 2180 noque

166 2222 226 2283 quo
249 2204 336 2282 plane
355 2203 462 2264 falsam
487 2221 554 2265 esse
569 2204 774 2265 demonstrem
790 2201 896 2275 habeo,
918 2219 1016 2281 neque
1030 2209 1131 2262 tamen
1145 2199 1235 2261 tuem
1250 2199 1313 2262 exi·

166 2310 265 2363 sturno
292 2303 339 2364 cui
366 2301 500 2363 animum
527 2302 702 2365 subtrahere
729 2301 928 2365 omniuouon
944 2299 1048 2380 possis.
1081 2298 1214 2359 Primum
1231 2298 1313 2359 enim

167 2400 232 2481 quis
258 2400 458 2480 fragmentum
485 2401 542 2463 hoc
567 2400 737 2463 mutilatum
768 2398 915 2479 nimisque
942 2397 1059 2460 difficile
1087 2396 1123 2459 ad
1153 2397 1313 2477 legendum

166 2498 223 2560 sibi
243 2500 429 2580 sequendum
444 2499 637 2580 proposuisse
653 2499 822 2579 Oppianum
849 2497 941 2576 magis
968 2496 1067 2558 credat
1093 2513 1182 2576 quam
1208 2514 1312 2575 graeca

166 2596 374 2660 carminarem
392 2598 517 2660 eandem
541 2608 570 2659 et
585 2597 702 2678 planius
724 2606 753 2659 et
773 2595 889 2676 plenius
909 2591 1088 2657 tractantia?
1120 2593 1231 2656 Deinde
1246 2611 1310 2654 rem

166 2714 227 2757 non
253 2697 292 2758 ita
308 2696 459 2776 Oppianus
486 2705 537 2758 aut
562 2696 654 2775 gessit
679 2703 731 2758 aut
757 2695 877 2774 digessit
902 2700 936 2755 ut
962 2692 1029 2754 duci
1053 2693 1123 2755 dum
1146 2691 1311 2754 scribit‘ab

167 2794 269 2857 Ovidio
286 2796 331 2856 vel
346 2795 493 2875 respicere
509 2793 647 2856 Ovidium
664 2794 827 2866 videretur3
852 2793 944 2853 immo
972 2791 1153 2853 communia
1168 2790 1200 2851 in
1220 2789 1311 2852 dissi-

167 2893 303 2955 dentibus
324 2910 386 2955 nou
408 2893 466 2954 nisi
488 2912 558 2956 casu
579 2892 706 2974 quodam
723 2892 853 2973 dispersa
875 2897 1048 2952 cernuntur.
1079 2888 1155 2952 'lum
1171 2907 1241 2951 vero
1257 2907 1310 2951 ex·

166 2991 276 3071 plicare
291 2990 427 3070 cupimus
453 2991 484 3053 id
511 2990 630 3071 quoque
645 2991 715 3073 quid
741 2991 859 3053 tandem
875 2990 910 3050 ad
927 3007 980 3052 sua
995 2987 1210 3069 qualiacunque
1225 3006 1311 3050 com-
1378 3053 1380 3055 ,

166 3090 303 3170 ponenda
320 3108 353 3150 ac
368 3090 552 3169 disponenda
575 3091 674 3170 ipsum
691 3089 814 3151 latinum
836 3094 955 3170 poetam
975 3087 1139 3166 impulerit3
1158 3087 1206 3150 bic
1228 3086 1309 3149 enim

165 3187 345 3249 inventionis
373 3206 431 3267 quo
459 3208 553 3269 usque
579 3189 664 3268 inops
689 3188 788 3263 fuerit,
813 3189 876 3269 ipsa
903 3186 1034 3266 primore
1060 3185 1200 3247 carminis
1227 3194 1311 3266 parte

167 3285 265 3348 doceri
280 3295 409 3366 poteras.
894 3303 896 3306 ·

250 3383 355 3465 Neque
381 3384 491 3447 scilicet
517 3383 671 3447 halieutica
697 3402 758 3445 non
779 3383 951 3463 legebantur
968 3385 1034 3444 ante
1050 3382 1187 3444 Ovidium
1202 3380 1309 3444 falsum

165 3501 268 3561 graece
283 3482 391 3562 scripta
406 3492 495 3563 atque
510 3483 556 3543 bis
572 3481 643 3564 ipsis
656 3482 811 3545 consilium
826 3481 975 3544 scribendi
987 3480 1070 3545 latini
1085 3481 1223 3545 carminis
1235 3499 1308 3544 num

166 3587 269 3642 uatum
296 3579 386 3643 fuerit
407 3580 570 3643 deliberare
600 3599 663 3643 uon
693 3589 787 3660 potes.
831 3580 1005 3643 Examinato
1031 3579 1163 3642 carmine
1185 3598 1221 3641 ex
1243 3598 1309 3641 vera

164 3677 300 3759 piscandi
324 3690 387 3741 arte
412 3687 532 3761 sumpta
560 3679 738 3741 ridebuntur
764 3699 840 3759 quae
866 3686 985 3741 exstant
1009 3687 1077 3762 post
1096 3700 1122 3741 v.
1139 3679 1180 3742 82
1196 3689 1226 3742 et
1240 3687 1309 3741 ante

79 3830 81 3834 a
164 3795 192 3838 v.
208 3776 265 3838 92:
294 3795 356 3838 non
383 3785 499 3839 vastum
525 3777 662 3860 pelagum
677 3778 815 3859 piscatori
842 3778 1051 3858 temptandum
1072 3796 1145 3852 esse,
1172 3779 1224 3841 sed
1241 3796 1308 3860 pre-

165 3875 273 3937 menda
299 3875 400 3950 litora,
427 3876 535 3939 deinde
563 3877 707 3940 curandas
734 3895 800 3941 esse
824 3877 949 3958 piscium
975 3878 1133 3952 stationes,
1159 3895 1228 3939 eum
1253 3895 1308 3957 pro

165 3979 270 4035 natura
295 3992 349 4036 sua
374 3974 447 4036 alius
473 3967 526 4038 alia
554 3983 583 4038 et
609 3983 737 4038 sectetur
763 3985 792 4038 et
817 3975 954 4057 refugiat.
990 3975 1047 4038 Ubi
1062 3994 1132 4039 vero
1148 3975 1308 4038 discribere

164 4071 304 4134 stationes
319 4073 551 4152 adgrediendum
568 4084 631 4138 erat
649 4075 717 4137 iude
733 4095 748 4136 a
764 4095 790 4137 v.
807 4072 847 4135 92
862 4075 999 4156 fatigatus
1015 4075 1219 4155 remissusque
1240 4073 1310 4136 hinc

163 4168 233 4234 iudo
253 4172 374 4235 nomina
401 4191 504 4253 parum
531 4174 608 4236 iuter
632 4193 665 4236 se
691 4174 895 4237 convenientia
921 4175 1049 4256 scriptor
1070 4173 1196 4236 coniecit
1220 4181 1308 4253 atque

165 4270 238 4331 adeo
250 4270 330 4351 ipsos
345 4271 396 4334 alti
411 4272 505 4353 pelagi
520 4273 641 4348 incolas,
656 4292 731 4354 quos
743 4272 883 4353 piscatori
895 4292 981 4337 curae
993 4292 1054 4336 uon
1066 4293 1132 4336 esse
1143 4292 1171 4336 v.
1184 4271 1225 4336 83
1237 4290 1307 4353 pro·

163 4366 259 4443 fossus
281 4377 359 4447 erat3
380 4370 471 4434 simul
491 4389 559 4433 vero
579 4373 635 4433 hoc
656 4371 729 4435 illud
744 4373 833 4435 etiam
854 4392 889 4435 ex
904 4391 1010 4454 prosae
1026 4372 1169 4437 orationis
1184 4372 1307 4454 adsper-
