2962 5010
634 341 673 352 -
726 254 878 370 ias-'-

181 483 253 544 sisse
283 481 453 544 auctoribus
482 482 660 562 putabitur.-
697 483 799 563 Neque
828 481 876 543 his
907 482 967 543 reri
999 481 1110 562 species
1138 482 1328 563 derogabitur

180 600 215 641 eo
245 581 325 660 quod
356 581 524 661 exemplum
554 600 689 660 graecum
721 581 791 662 quid
822 580 914 643 fauerit
942 581 1029 660 plane
1060 581 1218 642 ostendere
1248 588 1325 644 tern-

180 697 287 758 porum
308 679 414 742 iniuria
441 697 502 741 non
522 682 677 743 concessit.
719 681 825 742 Poetas
847 679 927 741 enim
948 678 1068 759 quidem
1096 679 1324 756 Halieuticorum

180 795 300 854 graecos
324 778 460 839 novimus
477 778 617 858 quinque,
641 779 805 841 carminum
821 777 954 858 ipsorum
970 795 1064 840 uuum
1080 784 1206 853 tantum,
1230 795 1327 859 neque

180 875 252 936 adeo
270 876 332 938 eius
348 876 403 938 nisi
420 876 627 939 coniectariam
643 877 814 958 imaginem.

265 976 361 1056 Atque
374 977 462 1037 Arch
471 978 599 1040 estrati
612 977 768 1038 lucrouum
781 983 811 1036 et
821 973 1059 1055 opsophagorum
1073 973 1192 1036 Hesiodi
1204 969 1326 1058 χρύσεα

179 1070 243 1155 ἔπη
259 1074 360 1136 minus
377 1093 457 1149 curo,
479 1093 554 1155 quae
569 1074 793 1156 yaorpovoyuloc
808 1073 853 1134 vel
868 1069 1087 1149 dscrrvodoytor
1102 1073 1136 1134 ad
1153 1073 1325 1153 piscationis

178 1179 270 1232 artem
298 1190 357 1235 nou
384 1174 489 1235 attinet
516 1173 574 1235 uisi
600 1173 679 1254 quod
701 1173 775 1234 alios
800 1171 926 1232 fortasse
950 1170 1040 1231 talem
1064 1176 1099 1232 ut
1114 1171 1324 1234 substruerent

177 1270 319 1332 invitavit.
351 1272 489 1333 Ennius
512 1280 609 1334 autern
633 1278 719 1351 poeta
736 1288 803 1331 cum
828 1268 983 1349 metropoli
1006 1268 1054 1330 illa
1071 1269 1229 1350 Epicureae
1253 1272 1323 1332 doc-

177 1367 271 1430 trinae
287 1387 375 1449 quam
393 1368 572 1450 Chrysippus
596 1369 712 1432 dicebat
735 1370 827 1431 ditare
849 1368 1007 1449 imperium
1024 1368 1190 1430 Romanum
1212 1371 1324 1431 consti-

175 1467 290 1541 tuisset,
318 1469 491 1530 Saturarum
519 1486 639 1531 suarum
669 1475 783 1549 partem
807 1466 1043 1546 lleduphagetioa
1065 1468 1171 1528 fecisse
1198 1476 1228 1529 et
1254 1487 1321 1529 curu

176 1564 242 1627 libri
258 1575 423 1628 saturarum
441 1574 491 1629 aut
506 1575 647 1646 quattuor
661 1567 789 1628 tuissent
803 1573 854 1627 aut
876 1583 925 1626 ser
942 1564 1095 1626 autetiam
1111 1567 1211 1645 plures
1227 1584 1322 1628 unum

175 1663 283 1724 librum
300 1665 422 1744 plenum
437 1665 472 1725 iis
488 1664 672 1726 concessisse
687 1664 800 1726 facilius
822 1681 875 1742 ego
898 1663 971 1724 mihi
987 1663 1120 1742 persuasi
1135 1681 1225 1742 quam
1242 1666 1321 1744 quod

175 1761 254 1823 idem
270 1763 306 1823 de
323 1763 461 1842 Scipione
476 1763 622 1824 Vahlenus
645 1763 762 1832 statute
788 1780 856 1823 nam
885 1777 1009 1840 prorsus
1036 1760 1172 1822 similiter
1186 1769 1216 1822 et
1230 1763 1321 1824 Varro

175 1858 347 1939 Menippeas
368 1861 449 1922 inter
474 1861 578 1922 satiras
605 1877 672 1922 suas
700 1878 791 1922 uuam
808 1877 873 1920 esse
887 1859 978 1920 voluit
993 1856 1070 1941 περὶ
1087 1854 1277 1940 ἐδεσμάτων
1292 1870 1322 1922 et

176 1954 318 2018 Horatius
328 1957 390 2018 Cati
405 1958 507 2038 pandit
519 1958 682 2020 doctrinam
696 1959 788 2020 Serra.
801 1959 825 2020 ll
839 1958 866 2020 3.
892 1958 1063 2020 Submoneo
1075 1966 1174 2019 autem
1186 1958 1276 2020 uthis
1289 1959 1319 2020 iu

175 2054 263 2116 rebus
279 2074 335 2135 qua
351 2055 485 2119 libertate
500 2058 544 2120 uti
561 2057 683 2119 Romani
699 2058 812 2136 graecis
836 2057 977 2136 exemplis
999 2055 1152 2136 potuerint
1167 2056 1320 2135 intellega-

175 2161 233 2226 tur,
246 2153 418 2216 neEnuium
431 2155 550 2236 quidem
562 2156 879 2217 edereArchestratum
891 2154 990 2215 latinis
1002 2154 1099 2216 uerbis
1109 2153 1259 2234 integrum
1273 2175 1321 2217 sa-

174 2251 211 2312 tis
234 2251 383 2325 hahuisse,
398 2252 449 2315 sed
466 2254 556 2315 luisse
573 2253 622 2316 ubi
636 2272 700 2317 rem
716 2254 902 2316 immutaret:
929 2270 998 2314 nam
1019 2251 1177 2330 fragmenti
1192 2253 1319 2316 Enniani

174 2347 289 2428 (Apulei
301 2351 382 2431 Apol.
396 2349 449 2430 39)
466 2351 604 2414 undecim
616 2361 709 2414 metra
722 2351 899 2414 continentis
911 2369 1090 2431 quamquam
1101 2370 1150 2413 res
1163 2352 1274 2415 multae
1288 2354 1318 2414 in

174 2446 354 2510 Archestrati
380 2468 499 2530 quoque
525 2451 697 2530 fragmentis
723 2450 842 2530 (Athen.
859 2469 887 2531 p·
905 2449 976 2511 921)
996 2458 1027 2511 et
1043 2449 1147 2528 ator)
1170 2451 1317 2530 leguntur,

173 2552 272 2607 tamen
296 2546 431 2628 helopem
454 2549 565 2629 piscem
583 2550 787 2613 Archestratus
810 2549 928 2630 quidem
961 2548 1101 2610 docuerat
1126 2549 1236 2611 clarum
1263 2550 1317 2611 ha-

172 2642 234 2706 beri
252 2646 403 2725 Syracusis
420 2647 538 2726 (Athen.
556 2647 671 2728 300E),
694 2655 797 2710 contra
813 2647 927 2710 Ennius
943 2665 969 2707 v.
987 2647 1021 2707 4:
1042 2645 1179 2711 Sumenti
1190 2648 1315 2729 helopem

171 2744 220 2821 soc
242 2762 328 2816 unos,
355 2746 433 2825 opud
450 2744 555 2808 Cramer
575 2746 718 2827 glaucum.
749 2746 824 2808 ltenr
848 2745 1008 2824 apriculum
1025 2745 1230 2808 Archestratus
1245 2766 1315 2826 cap·

171 2849 235 2902 tum
256 2842 428 2906 Ambraciae
444 2845 602 2906 emendum
625 2845 697 2906 dixit
722 2841 784 2906 adv
811 2840 984 2926 ἰσόχρυσος
1007 2840 1042 2927 ἔῃ
1066 2843 1182 2923 (Athen.
1201 2844 1314 2922 305Ε).

172 2938 367 3001 Tarentinum
377 2940 504 3015 Ennius3
522 2943 591 3004 iteur
609 2960 725 3004 scarum
734 2942 920 3004 Chalcedone
932 2941 1064 3021 Byzantii
1076 2941 1184 3022 Ephesi
1197 2942 1313 3013 (Athen.

173 3036 265 3097 3208
282 3045 311 3098 et
326 3037 363 3118 A)
385 3038 467 3112 alter,
495 3040 569 3102 alter
583 3040 709 3103 Nestoris
735 3041 774 3102 od
795 3045 932 3120 patrium.
962 3040 1093 3101 Duorum
1111 3047 1210 3102 autern
1228 3041 1313 3123 oppi-

171 3137 276 3200 dorum
314 3136 519 3200 contusiouem
558 3137 702 3201 accidisse
738 3138 837 3200 Ennio
873 3136 905 3199 in
949 3138 1005 3200 hac
1040 3156 1180 3200 versuum
1217 3148 1314 3218 strage

172 3237 361 3299 crediderim:

271 3349 417 3412 Omnibus
433 3358 465 3411 ut
482 3348 586 3431 Clypea
602 3356 734 3431 praestat
748 3349 875 3412 mustela
890 3347 1003 3410 marina

269 3447 366 3510 Mures
382 3457 453 3510 sunt
467 3446 541 3510 Aeni
556 3466 661 3529 aspera
675 3455 771 3511 ostrea
787 3448 913 3529 plurima
929 3447 1032 3528 Abydi,

268 3543 422 3626 Mytilenae
438 3555 483 3609 est
497 3556 605 3627 pecten
621 3547 835 3627 caradrumque
851 3547 928 3628 apud
945 3545 1096 3608 umbraoie
1111 3545 1195 3620 tlues,

269 3644 417 3706 Brundisii
431 3663 535 3725 sargus
550 3644 649 3709 bouus
664 3655 725 3709 est:
740 3646 822 3708 hunc
838 3663 961 3727 magnus
976 3645 1001 3706 si
1017 3643 1080 3719 erit,
1096 3662 1190 3706 sume.

168 3786 282 3859 Quibus
298 3804 364 3848 oum
381 3805 483 3866 graeca
497 3791 698 3869 respondeant
712 3791 785 3852 haec
800 3790 916 3868 (Athen.
932 3788 1031 3868 92D):

267 3895 343 3970 eoric
364 3898 426 3980 μῦς
451 3899 557 3972 Αἶνος
579 3898 646 3978 ἔχει
668 3897 841 3982 μεγάλους,
865 3897 1000 3983 ὄστρεια
1019 3893 1053 3962 δ’
1069 3895 1221 3981 Ἄβυδος,

266 3995 325 4068 τὰς
347 3992 483 4078 ἄρκτους
507 3993 648 4079 Πάριον,
662 3996 746 4081 Ιτούς
768 3997 806 4063 δὲ
828 4002 942 4071 κτένας
964 3993 983 4083 ἡ
1008 3993 1193 4080 Μιτυλήνη·

267 4092 444 4167 πλείστους
479 4090 514 4157 d'
547 4090 731 4177 Ἀμβρακία
768 4098 905 4179 παρέχει
949 4095 1015 4159 καὶ
1060 4093 1198 4159 ntum
1234 4089 1307 4178 μετ’

1068 4188 1176 4256 αὐτῶν

167 4318 219 4383 tiu
234 4318 314 4380 euim
331 4317 500 4380 dubitanter
514 4317 628 4398 scripsi,
648 4326 693 4379 cst
706 4317 784 4379 onim
800 4314 892 4390 πλώς
906 4308 996 4397 piscis
1008 4317 1064 4378 alio
1076 4318 1197 4380 nomine
1210 4317 1305 4380 dictus

165 4413 329 4499 κεστρεύς;
344 4417 483 4496 mugilem
495 4427 594 4479 autem
604 4416 636 4479 iu
648 4417 838 4480 Archestrato
850 4416 938 4479 simul
954 4417 1018 4498 lego
1030 4418 1175 4498 optimum
1187 4425 1305 4497 captum
