2962 5010
684 312 905 374 ..7ss-

306 489 446 557 Mendum
473 495 560 568 turpe
585 489 618 550 in
647 487 759 562 latinis:
788 485 993 566 nequeenim
1022 489 1089 563 post
1117 501 1285 562 pronomen
1311 484 1367 545 de-

222 586 449 648 monstrativum
470 586 523 647 bec
542 584 673 664 ([ναθάθ)
692 585 805 648 adstrui
826 583 973 646 sententia
1000 601 1075 662 quae
1094 581 1229 662 sequitur
1249 589 1369 662 poterat

223 685 326 765 copula
355 693 390 746 et.
434 683 537 764 ltaque
560 683 803 745 Hemsterhusius
830 684 865 745 ad
886 681 1058 743 uncianum,
1077 680 1148 755 dial„
1170 680 1275 741 marin.
1291 680 1367 741 {vu

223 785 274 845 ubi
290 784 326 845 de
341 784 449 864 polypo
463 783 570 845 similia
586 792 659 844 sunt
673 791 812 845 nostrum
833 784 933 844 locum
948 782 1018 843 dum
1035 779 1106 842 citat
1119 778 1224 840 vitium
1238 777 1367 853 videbat,

223 883 376 962 proposito
392 890 493 944 autem
507 900 562 943 suo
578 899 640 943 non
655 881 787 944 sustulit:
814 883 862 944 Ut
878 882 934 944 sub
953 882 1017 958 lege
1036 881 1093 943 loci
1113 887 1221 941 sumat
1239 886 1368 941 mutet·

223 998 282 1061 que
302 981 440 1041 colorem.
481 981 541 1041 lam
560 979 666 1041 falsum
689 980 754 1042 dico
771 979 858 1042 etiam
874 981 926 1042 sub
949 980 1006 1060 [cpe
1029 981 1101 1052 leci,
1125 974 1204 1059 quod
1219 977 1368 1058 Hauptius

225 1081 328 1158 (praef.
347 1098 376 1157 p.
397 1078 476 1153 XXI)
502 1078 649 1158 peculiare
677 1076 749 1139 dixit
772 1077 883 1140 Ouidio.
936 1079 1058 1140 Ovidius
1086 1077 1165 1141 euim
1195 1076 1296 1157 potius
1324 1077 1368 1138 ita

224 1180 322 1240 Amor.
338 1177 377 1238 lll
393 1178 423 1249 2,
439 1177 495 1238 20:

324 1306 459 1368 Haecin
482 1306 560 1384 lege
582 1305 652 1367 loci
672 1305 826 1382 commoda
850 1305 944 1368 circus
967 1304 1065 1369 habet.

226 1445 256 1498 et
276 1437 356 1498 Artis
378 1436 442 1497 Aru.
459 1437 472 1497 1
490 1436 549 1497 142
565 1436 629 1496 sine
644 1434 879 1515 praepositione:

326 1566 410 1639 Quod
431 1565 487 1627 tibi
509 1564 657 1643 tangenda
676 1573 721 1625 θεῖ
743 1564 821 1643 lege
843 1563 939 1644 puella
962 1564 1041 1625 loci.

223 1693 281 1755 Sub
308 1703 387 1756 recte
413 1693 479 1756 addi
505 1711 567 1755 non
594 1693 694 1768 credo:
720 1712 820 1773 neque
846 1693 927 1753 enim
957 1691 1138 1772 pertinuisse
1164 1685 1280 1754 videtur
1309 1691 1368 1754 nisi

225 1794 261 1854 ad
277 1792 421 1855 clausulas
437 1793 509 1853 tales
525 1793 619 1854 velut:
646 1792 698 1852 sub
714 1791 772 1872 iepe
790 1811 835 1869 ue,
853 1792 905 1852 sub
929 1792 1086 1853 conditione
1108 1801 1148 1862 ut,
1170 1790 1222 1852 sub
1243 1809 1277 1851 ea
1300 1792 1368 1850 coo'-

224 1891 328 1952 ditione
361 1909 412 1962 oe,
446 1890 497 1952 sub
530 1893 690 1970 exceptione
721 1893 760 1962 si,
793 1889 866 1950 item
898 1889 950 1950 sub
978 1906 1073 1968 poeno
1101 1893 1199 1950 mortis
1226 1888 1363 1968 (sueton.

224 1979 310 2068 Calig.
327 1989 390 2069 48).
421 1988 573 2050 Genitivus
593 1988 649 2050 loci
667 1987 704 2049 ad
725 1987 813 2050 talem
835 1987 996 2049 clausulam
1012 1986 1063 2068 qui
1079 1987 1144 2048 addi
1159 1987 1289 2067 potuerit
1304 2004 1368 2048 uon

222 2087 317 2147 video.
362 2086 443 2148 Bene
458 2095 557 2151 autem
584 2085 640 2146 erit
666 2086 690 2147 si
717 2087 797 2147 color
819 2104 909 2166 quam
933 2086 970 2148 ob
993 2104 1112 2148 causam
1128 2091 1262 2148 mutetur
1283 2083 1368 2146 addi-

222 2186 367 2259 derimus:
389 2183 578 2266 nequeenim
595 2203 713 2265 semper
734 2186 784 2260 fit3
806 2185 887 2247 unde
909 2185 968 2246 huc
991 2203 1045 2263 ego
1068 2177 1189 2266 quidem
1211 2182 1344 2246 deferor:

323 2316 451 2394 Polypus
473 2314 577 2376 haeret
599 2322 628 2375 et
649 2315 704 2377 hac
726 2314 817 2376 eludit
839 2315 912 2375 retia
934 2313 1054 2375 fraude:
1083 2383 1085 2386 ¹

324 2415 483 2474 Pressus
506 2413 569 2490 lege
592 2412 648 2475 loci
671 2412 763 2507 sumit
786 2419 940 2493 mutatque
963 2413 1103 2486 colorem,
1137 2498 1139 2502 Α

222 2564 280 2623 boc
295 2570 354 2623 est:
369 2561 394 2622 si
409 2560 445 2622 ab
461 2560 547 2622 hoste
562 2560 717 2640 promitur.
744 2561 826 2633 Quae
837 2562 862 2622 si
874 2579 930 2641 qua
944 2566 989 2621 est
1000 2559 1147 2621 sermonis
1160 2559 1282 2621 durities
1296 2578 1367 2639 pro·

222 2660 286 2739 pria
300 2667 402 2721 tamen
417 2678 451 2720 ea
465 2659 553 2719 huius
568 2665 674 2739 poetae
695 2666 749 2720 θεῖ.
790 2659 889 2740 Atque
911 2680 950 2723 ne
971 2681 1054 2724 nunc
1074 2662 1195 2741 quidem
1215 2662 1369 2740 explanata

223 2759 335 2819 ouinia:
364 2775 472 2836 nempe
495 2756 599 2817 fraude
624 2756 680 2817 ista
706 2757 813 2818 eoloris
836 2759 931 2821 hostis
954 2760 1074 2840 quidem
1098 2760 1256 2822 eludentur
1278 2759 1365 2832 oculi,

224 2865 253 2916 at
268 2856 362 2916 retia
378 2856 517 2928 minime,
539 2873 637 2934 neque
651 2854 717 2916 ideo
732 2856 874 2919 nimirum
889 2858 963 2922 retia
978 2858 1058 2920 eludi
1072 2857 1257 2939 reliquorum
1273 2858 1367 2937 scrip-

223 2960 323 3014 torum
343 2953 501 3033 quisquam
522 2954 672 3016 tradebat:
701 2965 731 3018 at
753 2955 928 3018 eludebatur
941 2966 1061 3037 praeter
1075 2957 1228 3027 homiuem
1242 2956 1367 3036 piscium

112 3109 113 3112 ,
223 3070 342 3132 quoque
358 3052 494 3114 incursus
509 3054 589 3116 velut
607 3071 810 3116 murenarum.
839 3053 982 3141 ‚Concidit
997 3073 1064 3117 ecce
1080 3054 1167 3117 etiam
1184 3058 1257 3118 cotie
1271 3055 1367 3116 lectio.

224 3149 324 3224 Quid?
350 3152 375 3212 si
395 3152 550 3213 sollemnia
564 3152 597 3212 iu
612 3152 669 3215 hoc
684 3152 815 3216 carmine
830 3153 906 3214 retia
921 3153 978 3214 sibi
992 3153 1129 3215 invenire
1143 3153 1235 3216 iubis
1254 3152 1366 3214 scribae

223 3249 411 3312 videbantur:
450 3250 571 3330 Polypus
598 3251 695 3313 boeret
727 3261 754 3312 et
779 3250 832 3312 bue
864 3251 953 3313 eludit
981 3251 1089 3331 praelia
1118 3249 1249 3331 froude?
1288 3251 1367 3311 velut

224 3347 336 3409 eludere
350 3348 455 3422 bertus,
477 3348 565 3410 telum
576 3349 681 3410 similia
696 3347 844 3415 dicebaut.
870 3349 1044 3433 Rationisue
1058 3349 1190 3435 suasioni
1208 3344 1367 3411 oboedies‘i

308 3446 442 3509 Adicitur
463 3455 562 3509 autem
583 3448 673 3508 etiam
694 3447 784 3508 altera
806 3447 886 3508 lraus
902 3448 1106 3529 quapolypus
1120 3446 1241 3511 iusidias
1256 3446 1366 3518 eludat,

226 3551 255 3605 et
271 3544 390 3625 quidem
407 3565 439 3608 ea
455 3546 480 3608 si
494 3546 583 3607 hamo
599 3551 702 3625 captus
718 3544 773 3607 sit:

726 3683 823 3761 Atque
845 3680 896 3743 ubi
918 3683 1056 3761 praedam
1157 3753 1160 3759 ¹

326 3780 511 3843 Pendentem
533 3779 605 3841 setis
628 3779 731 3843 avidus
753 3779 840 3860 rapit,
863 3779 912 3843 hic
934 3799 1052 3861 quoque
1074 3782 1156 3855 fallit,

321 3879 407 3940 illato
430 3878 540 3940 calamo
563 3895 632 3938 cum
655 3876 776 3949 demum
800 3896 933 3941 emersus
955 3879 1096 3954 inauras

323 3975 445 4038 Brachia
468 3975 597 4036 dissolvit
619 3975 850 4056 populatumque
872 3977 973 4058 expuit
994 3978 1127 4041 hamum.

223 4126 287 4188 Hoc
306 4123 425 4184 Ovidius
451 4123 533 4185 solus
558 4143 594 4185 ex
619 4124 770 4186 communi
791 4134 911 4189 auctore
933 4125 1097 4206 descripsit
1121 4125 1291 4187 describere
1312 4142 1367 4186 nec

224 4221 379 4283 Plutarcho
402 4238 500 4302 neque
522 4221 655 4304 Oppiano
678 4224 817 4304 placuit·

308 4318 391 4381 Haud
413 4319 498 4384 aliter
520 4323 557 4384 de
578 4340 703 4384 murena
718 4340 777 4386 una
794 4321 929 4401 Oppiauo
951 4320 1172 4383 narratiuncula
1194 4320 1366 4383 satisfacere

223 4417 378 4480 videbatur
393 4420 552 4500 omisitque
567 4421 644 4483 hanc
658 4439 748 4502 quam
762 4421 853 4482 latine
867 4419 1009 4499 scriptam
1024 4418 1148 4497 legimus
1163 4437 1190 4480 v.
1206 4417 1263 4480 43:
