2962 5010
649 292 843 356 „qm

179 468 240 535 veri
262 471 428 551 argumenti
450 471 590 531 indicem.
630 470 689 530 lam
713 461 857 549 vero'qoi
880 468 976 531 studia
999 467 1117 549 antiqua
1141 473 1172 532 in
1194 470 1318 533 historia

180 571 306 633 naturali
327 570 424 650 posita
448 577 659 648 persequentes
683 568 714 629 in
735 569 792 629 hoo
812 587 932 628 carmen
948 568 1035 628 delati
1051 577 1130 643 sunt,
1154 589 1215 631 rem
1232 590 1318 632 cura-

178 670 250 730 bant
277 687 340 729 non
370 677 479 742 artem,
512 668 641 747 reliquos
674 666 736 746 ipsa
765 684 798 727 re
826 667 967 727 deterreri
994 667 1093 746 potius
1116 686 1239 730 necesse
1260 670 1318 730 luit

180 768 263 829 cuius
279 767 477 828 humilitatem
493 785 531 827 ne
546 775 608 827 arte
625 765 743 845 quidem
759 765 848 825 levari
863 765 1001 827 videbant
1016 766 1181 845 grandiore.
1216 768 1317 847 ltaque

178 865 235 925 iam
258 866 316 926 hoc
338 883 392 944 pro
414 865 522 925 iudicio
547 874 625 935 esto,
657 864 736 943 quod
759 881 847 924 nemo
871 882 924 942 per
945 871 1063 925 tantum
1087 865 1216 944 spatium
1238 873 1316 926 tem-

177 963 260 1042 poris
289 981 408 1024 carmen
435 963 515 1023 istud
543 980 580 1022 ne
610 963 703 1023 dicam
727 980 840 1034 amare,
874 962 924 1023 sed
948 963 1114 1024 examinare
1137 971 1316 1042 pertractare

178 1061 293 1122 mendis
316 1060 440 1122 liberare
464 1070 551 1140 atque
574 1060 619 1120 vel
642 1069 774 1122 accurate
796 1061 945 1140 perlegere
968 1061 1097 1142 suscepit
1118 1061 1148 1122 id
1168 1063 1248 1140 quod
1264 1062 1316 1122 de-

176 1159 240 1220 beri
254 1178 325 1221 sane
352 1160 551 1221 illustrissimo
574 1159 726 1238 scriptoris
750 1159 864 1220 nomini
887 1159 1003 1219 dixeris.
1027 1159 1192 1239 -Neque
1215 1168 1315 1222 tamen

177 1257 336 1319 defuerunt
366 1258 472 1337 quibus
503 1257 674 1318 inertiarom
701 1257 845 1336 poematis
867 1256 1032 1318 observatio
1059 1259 1231 1337 scrupulum
1258 1259 1315 1319 ini-

178 1364 257 1416 ceret
272 1354 405 1434 quamvis
417 1355 568 1434 ambigua3
585 1355 673 1416 veluti
689 1356 724 1416 ad
736 1355 866 1434 primum
880 1374 996 1416 versum
1008 1355 1176 1417 adscribere
1191 1355 1275 1416 Cios
1278 1375 1315 1416 a·

176 1472 262 1514 uum
291 1453 429 1531 legimus:
460 1456 576 1527 „multa
604 1455 691 1515 buius
713 1454 847 1534 principii
871 1455 993 1516 crimina
1016 1454 1193 1533 (‘carnrina'
1216 1455 1314 1516 infeli-

177 1552 249 1613 citer
264 1551 468 1623 Burmannus)
492 1571 551 1614 una
573 1571 641 1613 cum
658 1552 903 1631 ingeniosissimis
919 1561 1007 1633 atque
1023 1553 1229 1614 eruditissimis
1246 1553 1314 1614 viris

176 1649 264 1711 Petro
287 1649 431 1711 Ciaccono
454 1658 484 1712 et
505 1651 543 1711 M.
565 1652 694 1712 Antonio
716 1651 857 1712 Mureto
881 1651 977 1712 ovidii
1004 1670 1067 1713 non
1090 1670 1155 1712 esse
1178 1658 1313 1713 censeo“.

176 1748 315 1810 Iuvenilis
343 1757 416 1810 tunc
444 1758 531 1829 atque
560 1750 683 1811 celerior
705 1749 879 1829 philologia3
911 1750 1012 1810 sensui
1033 1750 1164 1829 parebat,
1186 1768 1313 1811 consen-

176 1865 241 1908 sum
270 1864 332 1908 nou
358 1847 495 1926 rogabat3
527 1841 570 1909 ita'
595 1848 748 1909 Barthio
775 1847 807 1907 in
830 1848 1002 1909 adversariis
1025 1849 1216 1911 audacissime
1239 1867 1313 1911 con-

175 1945 292 2024 scriptis
314 1945 487 2007 brevissime
509 1946 638 2024 tangitur
654 1946 806 2007 Halieutici
827 1946 894 2008 libri
916 1948 1044 2027 scriptor
1066 1946 1169 2025 (XLIX
1185 1967 1245 2027 cap.
1264 1948 1312 2024 7):

175 2041 349 2123 „Olympius
372 2052 474 2106 tamen
489 2052 572 2124 puto,
594 2063 656 2106 non
673 2045 809 2118 Ovidius,·
831 2063 899 2105 nam
916 2045 1127 2106 Nemesianum
1151 2047 1313 2107 Halieutica

175 2141 329 2220 scripsisse
352 2142 424 2202 adeo
447 2161 552 2204 verum
572 2153 616 2204 est
633 2189 640 2202 .
657 2189 664 2203 .
682 2189 712 2204 ..
737 2143 828 2204 Stilus
851 2150 951 2203 autem
974 2143 1061 2203 huius
1078 2143 1244 2221 fragmenti⁴
1257 2160 1312 2221 po-

175 2239 235 2300 tius
263 2248 293 2301 et
323 2258 427 2301 aevum
456 2247 485 2302 et
511 2241 663 2319 ingenium
687 2241 814 2320 Olympii
844 2241 949 2313 refert,
981 2258 1069 2320 quam
1093 2240 1204 2313 Ovidii,
1233 2239 1313 2319 quod

174 2354 263 2400 nemo
298 2340 433 2418 equidem
468 2340 631 2418 negaverim
663 2348 692 2400 et
720 2339 790 2400 inde
819 2339 960 2400 iudicium
990 2338 1173 2399 irrefutabile
1203 2337 1312 2398 merito

176 2455 294 2498 summo
324 2435 477 2517 capitm“!
537 2439 624 2511 Quod
657 2439 763 2499 merito
792 2457 863 2500 sane
891 2454 1008 2497 summo
1043 2454 1140 2514 neque
1167 2435 1311 2496 levissime

174 2533 336 2595 iudicatum
364 2545 457 2607 esset,
492 2536 516 2596 si
545 2555 652 2615 negare
680 2536 735 2597 viri
757 2536 805 2597 isti
827 2536 891 2596 sine
914 2534 1109 2595 affirmatione
1131 2532 1311 2594 calluissent.

174 2631 287 2693 Eodem
311 2633 462 2694 dubitandi
483 2635 581 2695 studio
604 2643 668 2695 orta
691 2635 764 2694 mira
785 2634 832 2694 illa
850 2634 936 2695 verba
951 2633 1089 2694 videntur
1104 2628 1179 2712 quae
1195 2632 1312 2711 scripsit

174 2731 289 2792 Pierius
307 2733 479 2794 Valerianus
501 2734 533 2794 in
554 2732 784 2812 Hieroglyphicis
808 2733 844 2792 de
868 2733 925 2793 boc
947 2731 1092 2792 carmine:
1114 2731 1212 2811 „quod
1237 2748 1311 2808 opus

174 2829 243 2889 olim
271 2849 287 2889 a
315 2830 432 2908 Nigidio
461 2830 666 2892 elucubratum
695 2849 760 2890 esse
783 2831 891 2891 aiunt“
915 2826 959 2909 (!)‚
993 2848 1066 2909 quae
1096 2830 1311 2909 queritantur

173 2944 236 2987 non
261 2927 424 3003 invenitur3
458 2930 494 2990 el.
523 2948 598 3009 quae
624 2928 708 2990 solita
735 2929 868 2990 doctrina
897 2928 1027 2989 enotavit
1054 2927 1091 2986 M.
1115 2927 1251 2987 Hertzius
1278 2925 1310 2986 in

172 3023 246 3086 libro
268 3025 310 3086 oe
332 3026 364 3086 P.
380 3026 487 3104 Nigidii
509 3026 602 3105 Figuli
624 3026 729 3087 studiis
752 3037 840 3105 atque
862 3026 999 3106 operibus
1023 3025 1134 3105 scripto
1156 3045 1186 3105 p.
1211 3022 1251 3083 49
1265 3041 1309 3102 sq.

172 3123 244 3185 Post
266 3123 418 3185 barthium
439 3123 581 3185 Ulitius
597 3124 638 3184 rei
655 3125 803 3185 venaticae
819 3131 933 3186 amator
947 3132 977 3186 et
992 3142 1053 3184 nou
1077 3124 1176 3183 minus
1198 3122 1309 3182 Miner-

171 3238 239 3281 vam
264 3221 418 3283 montibus
441 3240 530 3300 quam
553 3222 662 3283 chartis
686 3222 806 3282 llianam
828 3223 960 3284 inerrare
983 3228 1121 3300 expertus
1145 3239 1213 3281 cum
1235 3219 1309 3280 Gra-

170 3318 254 3379 tium'
268 3337 359 3381 suum
381 3327 412 3380 et
433 3320 534 3380 ederet
556 3327 585 3381 et
604 3321 772 3392 illustraret,
796 3321 906 3399 sprevit
920 3321 1039 3400 quidem
1056 3319 1234 3398 Olympium,
1256 3317 1308 3378 sed

170 3415 262 3493 ipsius
285 3415 367 3477 Grati
384 3434 495 3479 nomen
510 3417 682 3497 piscatoriae
704 3419 760 3478 arti
783 3419 905 3493 adiecit3
928 3417 1123 3498 nequeenim
1146 3435 1215 3477 casu
1232 3415 1309 3476 hanc

171 3513 308 3575 credebat
341 3513 504 3593 antiquitus
532 3523 560 3576 et
588 3514 623 3577 ab
653 3515 802 3578 ovidianis
832 3516 949 3595 scriptis
976 3515 1114 3576 omnibus
1144 3520 1308 3593 separatam

169 3610 224 3689 legi
248 3619 278 3672 et
299 3612 458 3690 praefixam
480 3613 590 3674 Gratio.
635 3615 729 3686 Quam
754 3616 877 3676 eandem
900 3614 1076 3675 sententiam
1092 3612 1308 3673 Wernsdorlius

170 3711 323 3789 amplexus
345 3712 494 3773 sermonis
517 3730 636 3793 quoque
652 3712 783 3773 Gratiani
806 3713 938 3791 exempla
963 3732 998 3772 ex
1019 3711 1187 3772 Halieuticis
1211 3709 1309 3788 expis-

170 3807 230 3869 cari
247 3808 415 3870 intentiore
445 3811 544 3872 studio
568 3811 707 3889 suscepit.
751 3811 855 3890 ltaque
883 3808 1039 3871 subditicia
1062 3808 1221 3870 Halieutica
1243 3826 1308 3868 esse

168 3906 241 3966 adeo
264 3906 385 3984 planum
409 3916 480 3979 erat,
504 3915 538 3968 ut
559 3909 636 3970 bene
659 3909 766 3970 mereri
790 3909 815 3969 is
837 3910 956 3970 demum
973 3908 1123 3969 videretur
1138 3906 1188 3985 qui
1204 3924 1308 3966 verum

168 4003 288 4066 tandem
320 4005 494 4083 scriptorem
510 4015 648 4067 'erueret
698 4008 774 4079 Quid
808 4007 963 4067 omiserint
990 4006 1031 4066 illi
1060 4006 1207 4066 luculente
1240 4003 1307 4064 illu·

168 4109 279 4163 stratur
300 4103 484 4181 praelatione
506 4105 541 4165 R.
565 4104 664 4165 Sterni
686 4123 763 4166 anno
789 4103 868 4164 1832
892 4106 927 4165 ad
951 4103 1086 4165 Gratiam
1108 4101 1227 4180 scripta,
1257 4099 1308 4162 ubi

168 4197 258 4259 simul
279 4217 339 4260 uuo
363 4219 415 4262 ore
438 4210 468 4262 et
491 4210 612 4263 strenue
635 4209 783 4281 pugnatur
804 4212 907 4264 contra
923 4199 1158 4263 Wernsdorfium
1179 4200 1216 4260 de
1235 4197 1307 4277 ipsis

167 4295 338 4358 Halieuticis
366 4297 407 4377 (p.
430 4298 521 4374 Xllll)
556 4308 586 4361 et
614 4300 766 4378 plauditur
794 4299 995 4361 Wernsdortio
1028 4299 1064 4358 de
1100 4297 1207 4376 eclogia
1241 4296 1306 4357 Cal·

166 4395 319 4474 purniauis
353 4416 478 4474 quarum
511 4399 624 4460 nullam
658 4399 785 4460 dandam
816 4397 992 4458 Nemesiano
1026 4414 1090 4457 esse
1118 4395 1229 4474 optime
1257 4393 1307 4455 ille
