<?xml version="1.0" encoding="UTF-8"?>
<!DOCTYPE html PUBLIC "-//W3C//DTD XHTML 1.0 Transitional//EN"
    "http://www.w3.org/TR/xhtml1/DTD/xhtml1-transitional.dtd">
<html xmlns="http://www.w3.org/1999/xhtml" xml:lang="en" lang="en">
 <head>
  <title>
</title>
<meta http-equiv="Content-Type" content="text/html;charset=utf-8" />
  <meta name='ocr-system' content='tesseract 3.04.00' />
  <meta name='ocr-capabilities' content='ocr_page ocr_carea ocr_par ocr_line ocrx_word'/>
</head>
<body>
  <div class='ocr_page' id='page_1' title='image "./dehalieuticisov02birtgoog_0021.png"; bbox 0 0 2962 5010; ppageno 0'>
   <div class='ocr_carea' id='block_1_1' title="bbox 697 324 916 386">
    <p class='ocr_par' dir='ltr' id='par_1_1' title="bbox 697 324 916 386">
     <span class='ocr_line' id='line_1_1' title="bbox 697 324 916 386; baseline -0.005 -18"><span class='ocrx_word' id='word_1_1' title='bbox 697 324 916 386; x_wconf 67' lang='grc'>...10-</span> 
     </span>
    </p>
   </div>
   <div class='ocr_carea' id='block_1_2' title="bbox 203 498 1381 2030">
    <p class='ocr_par' dir='ltr' id='par_1_2' title="bbox 203 498 1381 2030">
     <span class='ocr_line' id='line_1_2' title="bbox 240 498 1379 580; baseline -0.004 -18"><span class='ocrx_word' id='word_1_2' title='bbox 240 501 391 563; x_wconf 80' lang='lat' dir='ltr'>Maecenas</span> <span class='ocrx_word' id='word_1_3' title='bbox 406 508 493 562; x_wconf 91' lang='lat' dir='ltr'>nocte</span> <span class='ocrx_word' id='word_1_4' title='bbox 508 500 605 579; x_wconf 81' lang='lat' dir='ltr'>Stygia</span> <span class='ocrx_word' id='word_1_5' title='bbox 621 518 740 580; x_wconf 89' lang='lat' dir='ltr'>pressus</span> <span class='ocrx_word' id='word_1_6' title='bbox 763 499 879 561; x_wconf 90' lang='lat' dir='ltr'>iuvenis</span> <span class='ocrx_word' id='word_1_7' title='bbox 899 499 995 578; x_wconf 89' lang='lat' dir='ltr'>specie</span> <span class='ocrx_word' id='word_1_8' title='bbox 1009 499 1048 560; x_wconf 91' lang='lat' dir='ltr'>ita</span> <span class='ocrx_word' id='word_1_9' title='bbox 1064 515 1239 560; x_wconf 86' lang='lat' dir='ltr'>reversurus</span> <span class='ocrx_word' id='word_1_10' title='bbox 1255 498 1379 571; x_wconf 89' lang='lat' dir='ltr'>videtur,</span> 
     </span>
     <span class='ocr_line' id='line_1_3' title="bbox 240 597 1380 677; baseline -0.001 -19"><span class='ocrx_word' id='word_1_11' title='bbox 240 599 320 660; x_wconf 84' lang='lat' dir='ltr'>velut</span> <span class='ocrx_word' id='word_1_12' title='bbox 341 599 438 660; x_wconf 88' lang='lat' dir='ltr'>media</span> <span class='ocrx_word' id='word_1_13' title='bbox 461 606 548 660; x_wconf 89' lang='lat' dir='ltr'>nocte</span> <span class='ocrx_word' id='word_1_14' title='bbox 571 599 658 677; x_wconf 89' lang='lat' dir='ltr'>pueri</span> <span class='ocrx_word' id='word_1_15' title='bbox 679 598 704 658; x_wconf 89' lang='lat' dir='ltr'>si</span> <span class='ocrx_word' id='word_1_16' title='bbox 726 597 802 659; x_wconf 88' lang='lat' dir='ltr'>forte</span> <span class='ocrx_word' id='word_1_17' title='bbox 818 618 853 658; x_wconf 84' lang='lat' dir='ltr'>ex</span> <span class='ocrx_word' id='word_1_18' title='bbox 867 615 992 659; x_wconf 89' lang='lat' dir='ltr'>venereo</span> <span class='ocrx_word' id='word_1_19' title='bbox 1016 598 1178 676; x_wconf 84' lang='lat' dir='ltr'>puellarum</span> <span class='ocrx_word' id='word_1_20' title='bbox 1202 614 1278 656; x_wconf 87' lang='lat' dir='ltr'>nexu</span> <span class='ocrx_word' id='word_1_21' title='bbox 1301 597 1380 657; x_wconf 85' lang='lat' dir='ltr'>exci-</span> 
     </span>
     <span class='ocr_line' id='line_1_4' title="bbox 241 694 1381 775; baseline -0.003 -18"><span class='ocrx_word' id='word_1_22' title='bbox 241 702 342 757; x_wconf 80' lang='lat' dir='ltr'>tantur</span> <span class='ocrx_word' id='word_1_23' title='bbox 364 697 531 758; x_wconf 86' lang='lat' dir='ltr'>desiderant</span> <span class='ocrx_word' id='word_1_24' title='bbox 544 696 602 757; x_wconf 91' lang='lat' dir='ltr'>iam</span> <span class='ocrx_word' id='word_1_25' title='bbox 619 695 782 775; x_wconf 81' lang='lat' dir='ltr'><strong>Hesperum</strong></span> <span class='ocrx_word' id='word_1_26' title='bbox 798 695 879 757; x_wconf 92' lang='lat' dir='ltr'>illum</span> <span class='ocrx_word' id='word_1_27' title='bbox 895 695 945 774; x_wconf 91' lang='lat' dir='ltr'>qui</span> <span class='ocrx_word' id='word_1_28' title='bbox 959 702 1059 757; x_wconf 87' lang='lat' dir='ltr'>tamen</span> <span class='ocrx_word' id='word_1_29' title='bbox 1077 713 1161 756; x_wconf 86' lang='lat' dir='ltr'>mane</span> <span class='ocrx_word' id='word_1_30' title='bbox 1183 695 1261 755; x_wconf 90' lang='lat' dir='ltr'>idem</span> <span class='ocrx_word' id='word_1_31' title='bbox 1277 694 1381 755; x_wconf 81' lang='lat' dir='ltr'>lucifer</span> 
     </span>
     <span class='ocr_line' id='line_1_5' title="bbox 238 792 1380 872; baseline -0.004 -16"><span class='ocrx_word' id='word_1_32' title='bbox 238 794 413 856; x_wconf 57' lang='lat' dir='ltr'>revertitur}</span> <span class='ocrx_word' id='word_1_33' title='bbox 473 794 560 867; x_wconf 82' lang='lat' dir='ltr'>Quod</span> <span class='ocrx_word' id='word_1_34' title='bbox 598 795 669 854; x_wconf 84' lang='lat' dir='ltr'>sene</span> <span class='ocrx_word' id='word_1_35' title='bbox 705 793 827 872; x_wconf 90' lang='lat' dir='ltr'>pulchre</span> <span class='ocrx_word' id='word_1_36' title='bbox 863 792 1038 872; x_wconf 78' lang='lat' dir='ltr'>excogitavit</span> <span class='ocrx_word' id='word_1_37' title='bbox 1073 800 1167 871; x_wconf 85' lang='lat' dir='ltr'>poeta.</span> <span class='ocrx_word' id='word_1_38' title='bbox 1241 792 1380 853; x_wconf 81' lang='lat' dir='ltr'>Ceterum</span> 
     </span>
     <span class='ocr_line' id='line_1_6' title="bbox 239 888 1379 953; baseline -0.001 -1"><span class='ocrx_word' id='word_1_39' title='bbox 239 893 393 953; x_wconf 89' lang='lat' dir='ltr'>statuenda</span> <span class='ocrx_word' id='word_1_40' title='bbox 420 893 452 953; x_wconf 94' lang='lat' dir='ltr'>in</span> <span class='ocrx_word' id='word_1_41' title='bbox 480 893 536 952; x_wconf 91' lang='lat' dir='ltr'>hoc</span> <span class='ocrx_word' id='word_1_42' title='bbox 565 891 695 952; x_wconf 82' lang='lat' dir='ltr'>carmine</span> <span class='ocrx_word' id='word_1_43' title='bbox 723 891 826 952; x_wconf 89' lang='lat' dir='ltr'>lacuna</span> <span class='ocrx_word' id='word_1_44' title='bbox 855 889 942 950; x_wconf 90' lang='lat' dir='ltr'>nulla·</span> <span class='ocrx_word' id='word_1_45' title='bbox 963 897 1008 950; x_wconf 91' lang='lat' dir='ltr'>est</span> <span class='ocrx_word' id='word_1_46' title='bbox 1040 896 1070 949; x_wconf 89' lang='lat' dir='ltr'>et</span> <span class='ocrx_word' id='word_1_47' title='bbox 1096 889 1138 950; x_wconf 91' lang='lat' dir='ltr'>sic</span> <span class='ocrx_word' id='word_1_48' title='bbox 1164 888 1379 951; x_wconf 87' lang='lat' dir='ltr'>sententiarum</span> 
     </span>
     <span class='ocr_line' id='line_1_7' title="bbox 240 985 1381 1051; baseline -0.002 -2"><span class='ocrx_word' id='word_1_49' title='bbox 240 990 312 1049; x_wconf 91' lang='lat' dir='ltr'>ordo</span> <span class='ocrx_word' id='word_1_50' title='bbox 346 989 562 1051; x_wconf 87' lang='lat' dir='ltr'>restituendus:</span> <span class='ocrx_word' id='word_1_51' title='bbox 601 988 750 1050; x_wconf 77' lang='lat' dir='ltr'>Laudatur</span> <span class='ocrx_word' id='word_1_52' title='bbox 782 988 932 1050; x_wconf 80' lang='lat' dir='ltr'>Maecenas</span> <span class='ocrx_word' id='word_1_53' title='bbox 965 1007 991 1047; x_wconf 92' lang='lat' dir='ltr'>v.</span> <span class='ocrx_word' id='word_1_54' title='bbox 1018 987 1151 1047; x_wconf 79' lang='lat'>1-20.</span> <span class='ocrx_word' id='word_1_55' title='bbox 1207 985 1381 1047; x_wconf 86' lang='lat' dir='ltr'>Defenditur</span> 
     </span>
     <span class='ocr_line' id='line_1_8' title="bbox 239 1084 1379 1167; baseline -0.003 -18"><span class='ocrx_word' id='word_1_56' title='bbox 239 1094 343 1149; x_wconf 92' lang='lat' dir='ltr'>contra</span> <span class='ocrx_word' id='word_1_57' title='bbox 365 1087 486 1149; x_wconf 89' lang='lat' dir='ltr'>lividum</span> <span class='ocrx_word' id='word_1_58' title='bbox 501 1086 602 1147; x_wconf 90' lang='lat' dir='ltr'>indea</span> <span class='ocrx_word' id='word_1_59' title='bbox 624 1105 649 1146; x_wconf 90' lang='lat' dir='ltr'>v.</span> <span class='ocrx_word' id='word_1_60' title='bbox 673 1085 712 1146; x_wconf 81' lang='lat'>21</span> <span class='ocrx_word' id='word_1_61' title='bbox 729 1105 824 1167; x_wconf 89' lang='lat' dir='ltr'>usque</span> <span class='ocrx_word' id='word_1_62' title='bbox 840 1087 875 1147; x_wconf 92' lang='lat' dir='ltr'>ad</span> <span class='ocrx_word' id='word_1_63' title='bbox 890 1105 917 1145; x_wconf 92' lang='lat' dir='ltr'>v.</span> <span class='ocrx_word' id='word_1_64' title='bbox 943 1084 1003 1146; x_wconf 84' lang='lat'>106</span> <span class='ocrx_word' id='word_1_65' title='bbox 1032 1103 1091 1163; x_wconf 88' lang='lat' dir='ltr'>quo</span> <span class='ocrx_word' id='word_1_66' title='bbox 1114 1085 1178 1145; x_wconf 93' lang='lat' dir='ltr'>loco</span> <span class='ocrx_word' id='word_1_67' title='bbox 1201 1085 1379 1146; x_wconf 86' lang='lat' dir='ltr'>Rihhechius</span> 
     </span>
     <span class='ocr_line' id='line_1_9' title="bbox 238 1183 1381 1264; baseline 0.001 -20"><span class='ocrx_word' id='word_1_68' title='bbox 238 1185 388 1264; x_wconf 85' lang='lat' dir='ltr'>perspexit</span> <span class='ocrx_word' id='word_1_69' title='bbox 426 1185 462 1244; x_wconf 90' lang='lat' dir='ltr'>de</span> <span class='ocrx_word' id='word_1_70' title='bbox 500 1192 669 1245; x_wconf 84' lang='lat' dir='ltr'>accusatore</span> <span class='ocrx_word' id='word_1_71' title='bbox 706 1184 763 1245; x_wconf 91' lang='lat' dir='ltr'>isto</span> <span class='ocrx_word' id='word_1_72' title='bbox 806 1183 974 1245; x_wconf 85' lang='lat' dir='ltr'>exclamari:</span> <span class='ocrx_word' id='word_1_73' title='bbox 1030 1183 1096 1244; x_wconf 85' lang='lat' dir='ltr'>Nora</span> <span class='ocrx_word' id='word_1_74' title='bbox 1134 1195 1174 1245; x_wconf 86' lang='lat' dir='ltr'>cst</span> <span class='ocrx_word' id='word_1_75' title='bbox 1209 1189 1381 1248; x_wconf 82' lang='lat' dir='ltr'>temerarius</span> 
     </span>
     <span class='ocr_line' id='line_1_10' title="bbox 203 1273 1379 1362; baseline 0 -20"><span class='ocrx_word' id='word_1_76' title='bbox 203 1273 205 1284; x_wconf 80' lang='lat'>&#39;</span> <span class='ocrx_word' id='word_1_77' title='bbox 237 1281 308 1343; x_wconf 75' lang='lat' dir='ltr'>ille?</span> <span class='ocrx_word' id='word_1_78' title='bbox 335 1283 527 1362; x_wconf 86' lang='lat' dir='ltr'>additurque:</span> <span class='ocrx_word' id='word_1_79' title='bbox 555 1283 676 1343; x_wconf 82' lang='lat' dir='ltr'>Vicimus</span> <span class='ocrx_word' id='word_1_80' title='bbox 698 1281 821 1362; x_wconf 77' lang='lat' dir='ltr'>Aupusto</span> <span class='ocrx_word' id='word_1_81' title='bbox 843 1282 868 1343; x_wconf 91' lang='lat' dir='ltr'>si</span> <span class='ocrx_word' id='word_1_82' title='bbox 891 1283 965 1344; x_wconf 90' lang='lat' dir='ltr'>duce</span> <span class='ocrx_word' id='word_1_83' title='bbox 988 1282 1087 1362; x_wconf 68' lang='lat' dir='ltr'>dequeo</span> <span class='ocrx_word' id='word_1_84' title='bbox 1109 1293 1172 1344; x_wconf 87' lang='lat' dir='ltr'>erut</span> <span class='ocrx_word' id='word_1_85' title='bbox 1194 1283 1241 1358; x_wconf 82' lang='lat' dir='ltr'>(cf.</span> <span class='ocrx_word' id='word_1_86' title='bbox 1266 1303 1292 1343; x_wconf 89' lang='lat' dir='ltr'>v.</span> <span class='ocrx_word' id='word_1_87' title='bbox 1316 1284 1379 1361; x_wconf 84' lang='grc'><strong>46).</strong></span> 
     </span>
     <span class='ocr_line' id='line_1_11' title="bbox 240 1368 1378 1454; baseline 0.002 -15"><span class='ocrx_word' id='word_1_88' title='bbox 240 1379 405 1440; x_wconf 83' lang='lat' dir='ltr'>Cohaerent</span> <span class='ocrx_word' id='word_1_89' title='bbox 438 1388 537 1440; x_wconf 91' lang='lat' dir='ltr'>autem</span> <span class='ocrx_word' id='word_1_90' title='bbox 566 1397 671 1440; x_wconf 89' lang='lat' dir='ltr'>sensus</span> <span class='ocrx_word' id='word_1_91' title='bbox 704 1379 756 1440; x_wconf 88' lang='lat' dir='ltr'>ita:</span> <span class='ocrx_word' id='word_1_92' title='bbox 791 1368 817 1439; x_wconf 67' lang='grc' dir='ltr'>νζ</span> <span class='ocrx_word' id='word_1_93' title='bbox 847 1379 998 1453; x_wconf 76' lang='lat'>21-30,</span> <span class='ocrx_word' id='word_1_94' title='bbox 1026 1379 1188 1449; x_wconf 83' lang='grc'><strong>39-48,</strong></span> <span class='ocrx_word' id='word_1_95' title='bbox 1223 1380 1378 1454; x_wconf 74' lang='lat' dir='ltr'>:tt-38,</span> 
     </span>
     <span class='ocr_line' id='line_1_12' title="bbox 240 1477 1381 1558; baseline -0.001 -19"><span class='ocrx_word' id='word_1_96' title='bbox 240 1480 279 1540; x_wconf 89' lang='grc'>53</span> <span class='ocrx_word' id='word_1_97' title='bbox 306 1497 349 1557; x_wconf 90' lang='lat' dir='ltr'>sq.</span> <span class='ocrx_word' id='word_1_98' title='bbox 378 1481 417 1540; x_wconf 85' lang='lat'>55</span> <span class='ocrx_word' id='word_1_99' title='bbox 445 1497 488 1556; x_wconf 94' lang='lat' dir='ltr'>sq.</span> <span class='ocrx_word' id='word_1_100' title='bbox 521 1477 561 1537; x_wconf 76' lang='lat'>49</span> <span class='ocrx_word' id='word_1_101' title='bbox 588 1498 647 1557; x_wconf 86' lang='lat' dir='ltr'>sq.;</span> <span class='ocrx_word' id='word_1_102' title='bbox 676 1478 782 1538; x_wconf 88' lang='lat' dir='ltr'>deinde</span> <span class='ocrx_word' id='word_1_103' title='bbox 809 1478 949 1557; x_wconf 84' lang='lat' dir='ltr'>exemplis</span> <span class='ocrx_word' id='word_1_104' title='bbox 981 1478 1122 1558; x_wconf 81' lang='lat' dir='ltr'>Apollinis</span> <span class='ocrx_word' id='word_1_105' title='bbox 1150 1498 1175 1537; x_wconf 94' lang='lat' dir='ltr'>v.</span> <span class='ocrx_word' id='word_1_106' title='bbox 1203 1479 1240 1538; x_wconf 87' lang='lat'>51</span> <span class='ocrx_word' id='word_1_107' title='bbox 1272 1497 1315 1556; x_wconf 85' lang='lat' dir='ltr'>sq.</span> <span class='ocrx_word' id='word_1_108' title='bbox 1351 1486 1381 1538; x_wconf 86' lang='lat' dir='ltr'>et</span> 
     </span>
     <span class='ocr_line' id='line_1_13' title="bbox 238 1574 1379 1656; baseline -0.002 -19"><span class='ocrx_word' id='word_1_109' title='bbox 238 1577 343 1639; x_wconf 90' lang='lat' dir='ltr'>Bacchi</span> <span class='ocrx_word' id='word_1_110' title='bbox 371 1597 397 1638; x_wconf 93' lang='lat' dir='ltr'>v.</span> <span class='ocrx_word' id='word_1_111' title='bbox 426 1577 562 1637; x_wconf 80' lang='lat'>57-69</span> <span class='ocrx_word' id='word_1_112' title='bbox 591 1586 620 1638; x_wconf 91' lang='lat' dir='ltr'>et</span> <span class='ocrx_word' id='word_1_113' title='bbox 646 1576 779 1638; x_wconf 92' lang='lat' dir='ltr'>Herculis</span> <span class='ocrx_word' id='word_1_114' title='bbox 802 1575 939 1638; x_wconf 75' lang='lat' dir='ltr'>tto-86</span> <span class='ocrx_word' id='word_1_115' title='bbox 963 1584 992 1636; x_wconf 87' lang='lat' dir='ltr'>et</span> <span class='ocrx_word' id='word_1_116' title='bbox 1018 1577 1093 1638; x_wconf 90' lang='lat' dir='ltr'>lovis</span> <span class='ocrx_word' id='word_1_117' title='bbox 1123 1576 1215 1656; x_wconf 89' lang='lat' dir='ltr'>ipsius</span> <span class='ocrx_word' id='word_1_118' title='bbox 1244 1574 1379 1637; x_wconf 82' lang='lat'>87—92</span> 
     </span>
     <span class='ocr_line' id='line_1_14' title="bbox 239 1673 1378 1754; baseline -0.003 -18"><span class='ocrx_word' id='word_1_119' title='bbox 239 1674 388 1737; x_wconf 87' lang='lat' dir='ltr'>sententia</span> <span class='ocrx_word' id='word_1_120' title='bbox 419 1694 535 1737; x_wconf 89' lang='lat' dir='ltr'>summa</span> <span class='ocrx_word' id='word_1_121' title='bbox 559 1678 598 1751; x_wconf 83' lang='lat' dir='ltr'>(v.</span> <span class='ocrx_word' id='word_1_122' title='bbox 622 1674 782 1754; x_wconf 77' lang='lat'>93-102)</span> <span class='ocrx_word' id='word_1_123' title='bbox 804 1675 939 1735; x_wconf 86' lang='lat' dir='ltr'>firmatur</span> <span class='ocrx_word' id='word_1_124' title='bbox 961 1675 1103 1735; x_wconf 85' lang='lat' dir='ltr'>victorem</span> <span class='ocrx_word' id='word_1_125' title='bbox 1127 1675 1229 1734; x_wconf 88' lang='lat' dir='ltr'>decere</span> <span class='ocrx_word' id='word_1_126' title='bbox 1245 1673 1378 1746; x_wconf 83' lang='lat' dir='ltr'>somnia,</span> 
     </span>
     <span class='ocr_line' id='line_1_15' title="bbox 239 1770 1379 1853; baseline -0.004 -18"><span class='ocrx_word' id='word_1_127' title='bbox 239 1774 286 1835; x_wconf 89' lang='lat' dir='ltr'>cui</span> <span class='ocrx_word' id='word_1_128' title='bbox 308 1773 371 1853; x_wconf 87' lang='lat' dir='ltr'>ipsa</span> <span class='ocrx_word' id='word_1_129' title='bbox 395 1774 545 1835; x_wconf 84' lang='lat' dir='ltr'>conclusio</span> <span class='ocrx_word' id='word_1_130' title='bbox 573 1774 663 1835; x_wconf 90' lang='lat' dir='ltr'>totius</span> <span class='ocrx_word' id='word_1_131' title='bbox 687 1773 891 1852; x_wconf 79' lang='lat' dir='ltr'>disputationis</span> <span class='ocrx_word' id='word_1_132' title='bbox 920 1774 1041 1834; x_wconf 87' lang='lat' dir='ltr'>tandem</span> <span class='ocrx_word' id='word_1_133' title='bbox 1064 1793 1091 1833; x_wconf 93' lang='lat' dir='ltr'>v.</span> <span class='ocrx_word' id='word_1_134' title='bbox 1117 1771 1283 1834; x_wconf 77' lang='lat'>103-106</span> <span class='ocrx_word' id='word_1_135' title='bbox 1306 1770 1379 1833; x_wconf 89' lang='lat' dir='ltr'>sub-</span> 
     </span>
     <span class='ocr_line' id='line_1_16' title="bbox 238 1869 1380 1951; baseline -0.002 -19"><span class='ocrx_word' id='word_1_136' title='bbox 238 1888 314 1932; x_wconf 86' lang='lat' dir='ltr'>nexa</span> <span class='ocrx_word' id='word_1_137' title='bbox 349 1878 403 1932; x_wconf 90' lang='lat' dir='ltr'>est.</span> <span class='ocrx_word' id='word_1_138' title='bbox 467 1871 564 1951; x_wconf 81' lang='lat' dir='ltr'>Atque</span> <span class='ocrx_word' id='word_1_139' title='bbox 597 1877 662 1932; x_wconf 89' lang='lat' dir='ltr'>tum</span> <span class='ocrx_word' id='word_1_140' title='bbox 697 1874 817 1934; x_wconf 92' lang='lat' dir='ltr'>demum</span> <span class='ocrx_word' id='word_1_141' title='bbox 850 1870 887 1930; x_wconf 91' lang='lat' dir='ltr'>ad</span> <span class='ocrx_word' id='word_1_142' title='bbox 920 1871 1013 1949; x_wconf 89' lang='lat' dir='ltr'>ipsam</span> <span class='ocrx_word' id='word_1_143' title='bbox 1054 1878 1181 1931; x_wconf 89' lang='lat' dir='ltr'>mortem</span> <span class='ocrx_word' id='word_1_144' title='bbox 1218 1869 1380 1931; x_wconf 87' lang='lat' dir='ltr'>revolvitur</span> 
     </span>
     <span class='ocr_line' id='line_1_17' title="bbox 237 1987 345 2030; baseline -0.009 -1"><span class='ocrx_word' id='word_1_145' title='bbox 237 1987 345 2030; x_wconf 89' lang='lat' dir='ltr'>sermo.</span> 
     </span>
    </p>
   </div>
   <div class='ocr_carea' id='block_1_3' title="bbox 787 2139 865 2199">
    <p class='ocr_par' dir='ltr' id='par_1_3' title="bbox 787 2139 865 2199">
     <span class='ocr_line' id='line_1_18' title="bbox 787 2139 865 2199; baseline -0.038 0"><span class='ocrx_word' id='word_1_146' title='bbox 787 2139 822 2199; x_wconf 92' lang='lat' dir='ltr'>ll.</span> <span class='ocrx_word' id='word_1_147' title='bbox 864 2193 865 2196; x_wconf 74' lang='grc'>,</span> 
     </span>
    </p>
   </div>
   <div class='ocr_carea' id='block_1_4' title="bbox 236 2257 1378 2535">
    <p class='ocr_par' dir='ltr' id='par_1_4' title="bbox 236 2257 1378 2535">
     <span class='ocr_line' id='line_1_19' title="bbox 249 2257 1378 2351; baseline 0.001 -31"><span class='ocrx_word' id='word_1_148' title='bbox 249 2345 255 2351; x_wconf 20' lang='grc' dir='ltr'><em>ν</em></span> <span class='ocrx_word' id='word_1_149' title='bbox 322 2260 423 2338; x_wconf 90' lang='lat' dir='ltr'>ltaque</span> <span class='ocrx_word' id='word_1_150' title='bbox 452 2259 489 2319; x_wconf 88' lang='lat' dir='ltr'>de</span> <span class='ocrx_word' id='word_1_151' title='bbox 516 2257 686 2319; x_wconf 88' lang='lat' dir='ltr'>Halieuticis</span> <span class='ocrx_word' id='word_1_152' title='bbox 721 2266 905 2331; x_wconf 88' lang='lat' dir='ltr'>„accuratam</span> <span class='ocrx_word' id='word_1_153' title='bbox 937 2259 1181 2338; x_wconf 85' lang='lat' dir='ltr'>inquisitionem“</span> <span class='ocrx_word' id='word_1_154' title='bbox 1204 2260 1317 2339; x_wconf 90' lang='lat' dir='ltr'>qualem</span> <span class='ocrx_word' id='word_1_155' title='bbox 1347 2262 1378 2321; x_wconf 91' lang='lat' dir='ltr'>in</span> 
     </span>
     <span class='ocr_line' id='line_1_20' title="bbox 236 2357 1378 2438; baseline 0.001 -21"><span class='ocrx_word' id='word_1_156' title='bbox 236 2378 265 2438; x_wconf 87' lang='lat' dir='ltr'>p.</span> <span class='ocrx_word' id='word_1_157' title='bbox 292 2360 305 2417; x_wconf 93' lang='lat' dir='ltr'>l</span> <span class='ocrx_word' id='word_1_158' title='bbox 339 2357 471 2435; x_wconf 79' lang='lat' dir='ltr'>Zingerle</span> <span class='ocrx_word' id='word_1_159' title='bbox 502 2357 609 2436; x_wconf 80' lang='lat' dir='ltr'>cogitat</span> <span class='ocrx_word' id='word_1_160' title='bbox 643 2357 789 2436; x_wconf 89' lang='lat' dir='ltr'>praestitit</span> <span class='ocrx_word' id='word_1_161' title='bbox 821 2375 921 2418; x_wconf 91' lang='lat' dir='ltr'>nemo.</span> <span class='ocrx_word' id='word_1_162' title='bbox 979 2358 1074 2419; x_wconf 89' lang='lat' dir='ltr'>Nihilo</span> <span class='ocrx_word' id='word_1_163' title='bbox 1102 2359 1203 2419; x_wconf 89' lang='lat' dir='ltr'>minus</span> <span class='ocrx_word' id='word_1_164' title='bbox 1232 2359 1378 2419; x_wconf 88' lang='lat' dir='ltr'>sententia</span> 
     </span>
     <span class='ocr_line' id='line_1_21' title="bbox 236 2450 1378 2535; baseline -0.002 -17"><span class='ocrx_word' id='word_1_165' title='bbox 236 2455 344 2535; x_wconf 91' lang='lat' dir='ltr'>scripta</span> <span class='ocrx_word' id='word_1_166' title='bbox 368 2456 476 2533; x_wconf 81' lang='lat' dir='ltr'>legitur</span> <span class='ocrx_word' id='word_1_167' title='bbox 498 2456 549 2527; x_wconf 86' lang='lat' dir='ltr'>„in</span> <span class='ocrx_word' id='word_1_168' title='bbox 564 2472 711 2516; x_wconf 57' lang='lat' dir='ltr'>&#39;sermone</span> <span class='ocrx_word' id='word_1_169' title='bbox 736 2473 840 2516; x_wconf 91' lang='lat' dir='ltr'>corum</span> <span class='ocrx_word' id='word_1_170' title='bbox 863 2450 985 2517; x_wconf 86' lang='lat' dir='ltr'>omnino</span> <span class='ocrx_word' id='word_1_171' title='bbox 1009 2455 1081 2517; x_wconf 90' lang='lat' dir='ltr'>nihil</span> <span class='ocrx_word' id='word_1_172' title='bbox 1104 2457 1200 2518; x_wconf 87' lang='lat' dir='ltr'>inesse</span> <span class='ocrx_word' id='word_1_173' title='bbox 1223 2456 1258 2516; x_wconf 91' lang='lat' dir='ltr'>ah</span> <span class='ocrx_word' id='word_1_174' title='bbox 1275 2455 1378 2516; x_wconf 79' lang='lat' dir='ltr'>Ovidis</span> 
     </span>
    </p>
   </div>
   <div class='ocr_carea' id='block_1_5' title="bbox 231 2552 1379 4492">
    <p class='ocr_par' dir='ltr' id='par_1_5' title="bbox 231 2552 1379 4492">
     <span class='ocr_line' id='line_1_22' title="bbox 235 2552 1377 2634; baseline -0.001 -19"><span class='ocrx_word' id='word_1_175' title='bbox 235 2555 364 2615; x_wconf 89' lang='lat' dir='ltr'>alienum</span> <span class='ocrx_word' id='word_1_176' title='bbox 393 2553 480 2614; x_wconf 87' lang='lat' dir='ltr'>etiam</span> <span class='ocrx_word' id='word_1_177' title='bbox 510 2553 535 2613; x_wconf 93' lang='lat' dir='ltr'>si</span> <span class='ocrx_word' id='word_1_178' title='bbox 566 2552 763 2614; x_wconf 90' lang='lat' dir='ltr'>minutissima</span> <span class='ocrx_word' id='word_1_179' title='bbox 793 2559 935 2634; x_wconf 84' lang='lat' dir='ltr'>quaeras“</span> <span class='ocrx_word' id='word_1_180' title='bbox 965 2553 1088 2633; x_wconf 85' lang='lat' dir='ltr'>(ibidem</span> <span class='ocrx_word' id='word_1_181' title='bbox 1114 2573 1144 2634; x_wconf 67' lang='lat' dir='ltr'>p3</span> <span class='ocrx_word' id='word_1_182' title='bbox 1168 2552 1231 2633; x_wconf 80' lang='lat'>29).</span> <span class='ocrx_word' id='word_1_183' title='bbox 1284 2554 1377 2616; x_wconf 88' lang='lat' dir='ltr'>Cento</span> 
     </span>
     <span class='ocr_line' id='line_1_23' title="bbox 236 2641 1378 2731; baseline -0.001 -19"><span class='ocrx_word' id='word_1_184' title='bbox 236 2651 395 2712; x_wconf 83' lang='lat' dir='ltr'>Ouidianus</span> <span class='ocrx_word' id='word_1_185' title='bbox 409 2656 622 2731; x_wconf 81' lang='lat' dir='ltr'>componatur:</span> <span class='ocrx_word' id='word_1_186' title='bbox 647 2651 736 2712; x_wconf 88' lang='lat' dir='ltr'>etiam</span> <span class='ocrx_word' id='word_1_187' title='bbox 752 2652 788 2712; x_wconf 91' lang='lat' dir='ltr'>de</span> <span class='ocrx_word' id='word_1_188' title='bbox 804 2671 838 2713; x_wconf 92' lang='lat' dir='ltr'>eo</span> <span class='ocrx_word' id='word_1_189' title='bbox 861 2641 962 2713; x_wconf 91' lang='lat' dir='ltr'>eadem</span> <span class='ocrx_word' id='word_1_190' title='bbox 984 2652 1090 2713; x_wconf 85' lang='lat' dir='ltr'>valebit</span> <span class='ocrx_word' id='word_1_191' title='bbox 1111 2650 1271 2712; x_wconf 85' lang='lat' dir='ltr'>sententia!</span> <span class='ocrx_word' id='word_1_192' title='bbox 1296 2651 1378 2730; x_wconf 88' lang='lat' dir='ltr'>Opus</span> 
     </span>
     <span class='ocr_line' id='line_1_24' title="bbox 237 2747 1379 2828; baseline -0.002 -18"><span class='ocrx_word' id='word_1_193' title='bbox 237 2749 359 2810; x_wconf 89' lang='lat' dir='ltr'>omnino</span> <span class='ocrx_word' id='word_1_194' title='bbox 394 2755 457 2809; x_wconf 89' lang='lat' dir='ltr'>erat</span> <span class='ocrx_word' id='word_1_195' title='bbox 487 2748 739 2828; x_wconf 86' lang='lat' dir='ltr'>interpretatione.</span> <span class='ocrx_word' id='word_1_196' title='bbox 781 2748 844 2821; x_wconf 87' lang='lat' dir='ltr'>Qua</span> <span class='ocrx_word' id='word_1_197' title='bbox 878 2766 934 2810; x_wconf 88' lang='lat' dir='ltr'>nos</span> <span class='ocrx_word' id='word_1_198' title='bbox 968 2751 1042 2810; x_wconf 93' lang='lat' dir='ltr'>duce</span> <span class='ocrx_word' id='word_1_199' title='bbox 1072 2747 1220 2809; x_wconf 88' lang='lat' dir='ltr'>invenisse</span> <span class='ocrx_word' id='word_1_200' title='bbox 1243 2747 1379 2809; x_wconf 92' lang='lat' dir='ltr'>videmur</span> 
     </span>
     <span class='ocr_line' id='line_1_25' title="bbox 236 2845 1375 2927; baseline -0.001 -20"><span class='ocrx_word' id='word_1_201' title='bbox 236 2855 265 2908; x_wconf 88' lang='lat' dir='ltr'>et</span> <span class='ocrx_word' id='word_1_202' title='bbox 292 2865 366 2926; x_wconf 91' lang='lat' dir='ltr'>quae</span> <span class='ocrx_word' id='word_1_203' title='bbox 394 2865 456 2908; x_wconf 92' lang='lat' dir='ltr'>non</span> <span class='ocrx_word' id='word_1_204' title='bbox 483 2847 614 2925; x_wconf 88' lang='lat' dir='ltr'>potuerit</span> <span class='ocrx_word' id='word_1_205' title='bbox 640 2846 768 2908; x_wconf 89' lang='lat' dir='ltr'>scrihere</span> <span class='ocrx_word' id='word_1_206' title='bbox 791 2847 868 2908; x_wconf 91' lang='lat' dir='ltr'>Naso</span> <span class='ocrx_word' id='word_1_207' title='bbox 897 2855 926 2907; x_wconf 90' lang='lat' dir='ltr'>et</span> <span class='ocrx_word' id='word_1_208' title='bbox 949 2866 1024 2927; x_wconf 91' lang='lat' dir='ltr'>quae</span> <span class='ocrx_word' id='word_1_209' title='bbox 1047 2866 1081 2908; x_wconf 93' lang='lat' dir='ltr'>eo</span> <span class='ocrx_word' id='word_1_210' title='bbox 1103 2846 1223 2924; x_wconf 81' lang='lat' dir='ltr'>indigna</span> <span class='ocrx_word' id='word_1_211' title='bbox 1246 2845 1375 2908; x_wconf 90' lang='lat' dir='ltr'>dicamus</span> 
     </span>
     <span class='ocr_line' id='line_1_26' title="bbox 235 2942 1376 3025; baseline -0.002 -20"><span class='ocrx_word' id='word_1_212' title='bbox 235 2953 265 3005; x_wconf 90' lang='lat' dir='ltr'>et</span> <span class='ocrx_word' id='word_1_213' title='bbox 297 2963 373 3025; x_wconf 88' lang='lat' dir='ltr'>quae</span> <span class='ocrx_word' id='word_1_214' title='bbox 407 2944 534 3024; x_wconf 90' lang='lat' dir='ltr'>aliquam</span> <span class='ocrx_word' id='word_1_215' title='bbox 567 2952 647 3004; x_wconf 88' lang='lat' dir='ltr'>certe</span> <span class='ocrx_word' id='word_1_216' title='bbox 680 2944 894 3006; x_wconf 88' lang='lat' dir='ltr'>dubitationem</span> <span class='ocrx_word' id='word_1_217' title='bbox 929 2945 1039 3007; x_wconf 88' lang='lat' dir='ltr'>inicere</span> <span class='ocrx_word' id='word_1_218' title='bbox 1072 2942 1207 3007; x_wconf 87' lang='lat' dir='ltr'>debeant.</span> <span class='ocrx_word' id='word_1_219' title='bbox 1262 2943 1376 3004; x_wconf 86' lang='lat' dir='ltr'>Tamen</span> 
     </span>
     <span class='ocr_line' id='line_1_27' title="bbox 235 3032 1375 3123; baseline -0.003 -20"><span class='ocrx_word' id='word_1_220' title='bbox 235 3043 308 3103; x_wconf 90' lang='lat' dir='ltr'>haec</span> <span class='ocrx_word' id='word_1_221' title='bbox 330 3051 414 3103; x_wconf 86' lang='lat' dir='ltr'>antea</span> <span class='ocrx_word' id='word_1_222' title='bbox 437 3042 583 3122; x_wconf 90' lang='lat' dir='ltr'>adponere</span> <span class='ocrx_word' id='word_1_223' title='bbox 606 3061 667 3103; x_wconf 92' lang='lat' dir='ltr'>non</span> <span class='ocrx_word' id='word_1_224' title='bbox 689 3061 742 3122; x_wconf 92' lang='lat' dir='ltr'>par</span> <span class='ocrx_word' id='word_1_225' title='bbox 757 3044 812 3103; x_wconf 90' lang='lat' dir='ltr'>erit</span> <span class='ocrx_word' id='word_1_226' title='bbox 834 3062 921 3123; x_wconf 86' lang='lat' dir='ltr'>quam</span> <span class='ocrx_word' id='word_1_227' title='bbox 933 3040 1026 3105; x_wconf 89' lang='lat' dir='ltr'>verba</span> <span class='ocrx_word' id='word_1_228' title='bbox 1041 3032 1198 3104; x_wconf 78' lang='lat' dir='ltr'>fecerimus</span> <span class='ocrx_word' id='word_1_229' title='bbox 1221 3041 1257 3103; x_wconf 88' lang='lat' dir='ltr'>de</span> <span class='ocrx_word' id='word_1_230' title='bbox 1273 3062 1318 3103; x_wconf 89' lang='lat' dir='ltr'>vv.</span> <span class='ocrx_word' id='word_1_231' title='bbox 1335 3039 1375 3101; x_wconf 82' lang='lat'>49</span> 
     </span>
     <span class='ocr_line' id='line_1_28' title="bbox 236 3138 1377 3220; baseline -0.001 -20"><span class='ocrx_word' id='word_1_232' title='bbox 236 3138 330 3200; x_wconf 52' lang='lat'>÷81.</span> <span class='ocrx_word' id='word_1_233' title='bbox 386 3141 460 3202; x_wconf 90' lang='lat' dir='ltr'>Nam</span> <span class='ocrx_word' id='word_1_234' title='bbox 486 3141 565 3202; x_wconf 91' lang='lat' dir='ltr'>inter</span> <span class='ocrx_word' id='word_1_235' title='bbox 586 3141 782 3202; x_wconf 86' lang='lat' dir='ltr'>sollertiamm</span> <span class='ocrx_word' id='word_1_236' title='bbox 805 3142 931 3220; x_wconf 89' lang='lat' dir='ltr'>piscium</span> <span class='ocrx_word' id='word_1_237' title='bbox 964 3141 1220 3203; x_wconf 84' lang='lat' dir='ltr'>enumerationem</span> <span class='ocrx_word' id='word_1_238' title='bbox 1249 3147 1279 3200; x_wconf 89' lang='lat' dir='ltr'>ct</span> <span class='ocrx_word' id='word_1_239' title='bbox 1300 3141 1377 3200; x_wconf 92' lang='lat' dir='ltr'>inter</span> 
     </span>
     <span class='ocr_line' id='line_1_29' title="bbox 238 3238 1374 3319; baseline -0.004 -19"><span class='ocrx_word' id='word_1_240' title='bbox 238 3240 497 3301; x_wconf 87' lang='lat' dir='ltr'>enumerationem</span> <span class='ocrx_word' id='word_1_241' title='bbox 522 3238 677 3301; x_wconf 90' lang='lat' dir='ltr'>nominum</span> <span class='ocrx_word' id='word_1_242' title='bbox 700 3239 872 3319; x_wconf 85' lang='lat' dir='ltr'>aquatilium</span> <span class='ocrx_word' id='word_1_243' title='bbox 895 3240 1037 3300; x_wconf 88' lang='lat' dir='ltr'>inseritur</span> <span class='ocrx_word' id='word_1_244' title='bbox 1058 3239 1107 3298; x_wconf 93' lang='lat' dir='ltr'>hic</span> <span class='ocrx_word' id='word_1_245' title='bbox 1126 3238 1208 3297; x_wconf 88' lang='lat' dir='ltr'>locus</span> <span class='ocrx_word' id='word_1_246' title='bbox 1231 3253 1290 3316; x_wconf 90' lang='lat' dir='ltr'>quo</span> <span class='ocrx_word' id='word_1_247' title='bbox 1312 3247 1374 3297; x_wconf 92' lang='lat' dir='ltr'>ter-</span> 
     </span>
     <span class='ocr_line' id='line_1_30' title="bbox 239 3332 1374 3399; baseline -0.004 -1"><span class='ocrx_word' id='word_1_248' title='bbox 239 3338 342 3398; x_wconf 87' lang='lat' dir='ltr'>restria</span> <span class='ocrx_word' id='word_1_249' title='bbox 377 3338 514 3399; x_wconf 91' lang='lat' dir='ltr'>animalia</span> <span class='ocrx_word' id='word_1_250' title='bbox 546 3346 717 3399; x_wconf 88' lang='lat' dir='ltr'>tractentur.</span> <span class='ocrx_word' id='word_1_251' title='bbox 773 3336 889 3397; x_wconf 91' lang='lat' dir='ltr'>Placeat</span> <span class='ocrx_word' id='word_1_252' title='bbox 922 3336 977 3396; x_wconf 91' lang='lat' dir='ltr'>hoc</span> <span class='ocrx_word' id='word_1_253' title='bbox 1010 3334 1117 3394; x_wconf 90' lang='lat' dir='ltr'>mirum</span> <span class='ocrx_word' id='word_1_254' title='bbox 1152 3333 1256 3393; x_wconf 90' lang='lat' dir='ltr'>dicere.</span> <span class='ocrx_word' id='word_1_255' title='bbox 1301 3332 1374 3394; x_wconf 91' lang='lat' dir='ltr'>Nam</span> 
     </span>
     <span class='ocr_line' id='line_1_31' title="bbox 240 3429 1375 3515; baseline -0.001 -21"><span class='ocrx_word' id='word_1_256' title='bbox 240 3435 308 3515; x_wconf 92' lang='lat' dir='ltr'>quid</span> <span class='ocrx_word' id='word_1_257' title='bbox 346 3436 497 3496; x_wconf 84' lang='lat' dir='ltr'>terrestria</span> <span class='ocrx_word' id='word_1_258' title='bbox 533 3436 565 3496; x_wconf 91' lang='lat' dir='ltr'>in</span> <span class='ocrx_word' id='word_1_259' title='bbox 601 3435 717 3496; x_wconf 90' lang='lat' dir='ltr'>marino</span> <span class='ocrx_word' id='word_1_260' title='bbox 755 3429 908 3494; x_wconf 82' lang='lat' dir='ltr'>carmine?</span> <span class='ocrx_word' id='word_1_261' title='bbox 976 3431 1042 3492; x_wconf 89' lang='lat' dir='ltr'>Non</span> <span class='ocrx_word' id='word_1_262' title='bbox 1083 3429 1181 3490; x_wconf 87' lang='lat' dir='ltr'>omnia</span> <span class='ocrx_word' id='word_1_263' title='bbox 1217 3449 1375 3509; x_wconf 89' lang='lat' dir='ltr'>possumus</span> 
     </span>
     <span class='ocr_line' id='line_1_32' title="bbox 238 3524 1376 3610; baseline -0.001 -18"><span class='ocrx_word' id='word_1_264' title='bbox 238 3551 358 3607; x_wconf 83' lang='lat' dir='ltr'>omnes3</span> <span class='ocrx_word' id='word_1_265' title='bbox 392 3533 491 3610; x_wconf 89' lang='lat' dir='ltr'>itaque</span> <span class='ocrx_word' id='word_1_266' title='bbox 524 3533 629 3593; x_wconf 86' lang='lat' dir='ltr'>accidit</span> <span class='ocrx_word' id='word_1_267' title='bbox 662 3538 694 3593; x_wconf 89' lang='lat' dir='ltr'>ut</span> <span class='ocrx_word' id='word_1_268' title='bbox 729 3548 829 3591; x_wconf 85' lang='lat' dir='ltr'>revera</span> <span class='ocrx_word' id='word_1_269' title='bbox 864 3529 939 3589; x_wconf 88' lang='lat' dir='ltr'>istos</span> <span class='ocrx_word' id='word_1_270' title='bbox 978 3524 1090 3589; x_wconf 78' lang='lat' dir='ltr'>versus</span> <span class='ocrx_word' id='word_1_271' title='bbox 1117 3524 1272 3589; x_wconf 85' lang='lat' dir='ltr'>Merkelius</span> <span class='ocrx_word' id='word_1_272' title='bbox 1309 3547 1376 3591; x_wconf 90' lang='lat' dir='ltr'>cre·</span> 
     </span>
     <span class='ocr_line' id='line_1_33' title="bbox 235 3625 1376 3709; baseline -0.001 -19"><span class='ocrx_word' id='word_1_273' title='bbox 235 3630 317 3691; x_wconf 90' lang='lat' dir='ltr'>deret</span> <span class='ocrx_word' id='word_1_274' title='bbox 350 3630 454 3709; x_wconf 81' lang='lat' dir='ltr'>„Plane</span> <span class='ocrx_word' id='word_1_275' title='bbox 483 3629 601 3690; x_wconf 89' lang='lat' dir='ltr'>aliunde</span> <span class='ocrx_word' id='word_1_276' title='bbox 635 3629 756 3708; x_wconf 85' lang='lat' dir='ltr'>petitos;</span> <span class='ocrx_word' id='word_1_277' title='bbox 789 3627 844 3688; x_wconf 89' lang='lat' dir='ltr'>nisi</span> <span class='ocrx_word' id='word_1_278' title='bbox 867 3633 954 3706; x_wconf 87' lang='lat' dir='ltr'>poeta</span> <span class='ocrx_word' id='word_1_279' title='bbox 969 3644 1085 3687; x_wconf 59' lang='lat' dir='ltr'>vrevera</span> <span class='ocrx_word' id='word_1_280' title='bbox 1115 3626 1152 3686; x_wconf 90' lang='lat' dir='ltr'>de</span> <span class='ocrx_word' id='word_1_281' title='bbox 1181 3625 1312 3705; x_wconf 88' lang='lat' dir='ltr'>piscihus</span> <span class='ocrx_word' id='word_1_282' title='bbox 1347 3637 1376 3689; x_wconf 89' lang='lat' dir='ltr'>et</span> 
     </span>
     <span class='ocr_line' id='line_1_34' title="bbox 235 3725 1375 3807; baseline -0.001 -20"><span class='ocrx_word' id='word_1_283' title='bbox 235 3727 308 3788; x_wconf 89' lang='lat' dir='ltr'>feris</span> <span class='ocrx_word' id='word_1_284' title='bbox 343 3746 417 3807; x_wconf 86' lang='lat' dir='ltr'>opus</span> <span class='ocrx_word' id='word_1_285' title='bbox 450 3727 582 3788; x_wconf 87' lang='lat' dir='ltr'>condidit</span> <span class='ocrx_word' id='word_1_286' title='bbox 613 3735 647 3787; x_wconf 92' lang='lat' dir='ltr'>ut</span> <span class='ocrx_word' id='word_1_287' title='bbox 678 3725 789 3787; x_wconf 89' lang='lat' dir='ltr'>librarii</span> <span class='ocrx_word' id='word_1_288' title='bbox 829 3725 1075 3804; x_wconf 82' lang='lat' dir='ltr'>inscripserunt‘.</span> <span class='ocrx_word' id='word_1_289' title='bbox 1102 3748 1104 3753; x_wconf 88' lang='lat'><em>·</em></span> <span class='ocrx_word' id='word_1_290' title='bbox 1136 3725 1226 3804; x_wconf 88' lang='lat' dir='ltr'>Sequi</span> <span class='ocrx_word' id='word_1_291' title='bbox 1260 3725 1375 3786; x_wconf 87' lang='lat' dir='ltr'>Merke-</span> 
     </span>
     <span class='ocr_line' id='line_1_35' title="bbox 232 3822 1372 3904; baseline -0.001 -20"><span class='ocrx_word' id='word_1_292' title='bbox 232 3826 305 3885; x_wconf 91' lang='lat' dir='ltr'>lium</span> <span class='ocrx_word' id='word_1_293' title='bbox 338 3833 435 3885; x_wconf 88' lang='lat' dir='ltr'>tutum</span> <span class='ocrx_word' id='word_1_294' title='bbox 467 3824 628 3885; x_wconf 92' lang='lat' dir='ltr'>videbatur.</span> <span class='ocrx_word' id='word_1_295' title='bbox 672 3824 774 3904; x_wconf 91' lang='lat' dir='ltr'>ltaque</span> <span class='ocrx_word' id='word_1_296' title='bbox 805 3823 840 3884; x_wconf 89' lang='lat' dir='ltr'>ab</span> <span class='ocrx_word' id='word_1_297' title='bbox 875 3822 932 3883; x_wconf 92' lang='lat' dir='ltr'>hoc</span> <span class='ocrx_word' id='word_1_298' title='bbox 967 3823 1107 3885; x_wconf 90' lang='lat' dir='ltr'>docemur</span> <span class='ocrx_word' id='word_1_299' title='bbox 1134 3842 1205 3884; x_wconf 89' lang='lat' dir='ltr'>sane</span> <span class='ocrx_word' id='word_1_300' title='bbox 1237 3824 1372 3902; x_wconf 87' lang='lat' dir='ltr'>spurium</span> 
     </span>
     <span class='ocr_line' id='line_1_36' title="bbox 232 3920 1372 4002; baseline 0.002 -21"><span class='ocrx_word' id='word_1_301' title='bbox 232 3922 329 3982; x_wconf 89' lang='lat' dir='ltr'>locum</span> <span class='ocrx_word' id='word_1_302' title='bbox 353 3939 426 3994; x_wconf 88' lang='lat' dir='ltr'>esso,</span> <span class='ocrx_word' id='word_1_303' title='bbox 449 3923 486 3983; x_wconf 89' lang='lat' dir='ltr'>ab</span> <span class='ocrx_word' id='word_1_304' title='bbox 509 3921 567 3995; x_wconf 93' lang='lat' dir='ltr'>illo,</span> <span class='ocrx_word' id='word_1_305' title='bbox 591 3930 624 3983; x_wconf 91' lang='lat' dir='ltr'>ut</span> <span class='ocrx_word' id='word_1_306' title='bbox 645 3940 683 3984; x_wconf 91' lang='lat' dir='ltr'>ne</span> <span class='ocrx_word' id='word_1_307' title='bbox 699 3921 817 3985; x_wconf 88' lang='lat' dir='ltr'>aliunde</span> <span class='ocrx_word' id='word_1_308' title='bbox 839 3920 959 4002; x_wconf 91' lang='lat' dir='ltr'>quidem</span> <span class='ocrx_word' id='word_1_309' title='bbox 971 3921 1063 4001; x_wconf 90' lang='lat' dir='ltr'>petita</span> <span class='ocrx_word' id='word_1_310' title='bbox 1080 3921 1182 3982; x_wconf 90' lang='lat' dir='ltr'>Ovidio</span> <span class='ocrx_word' id='word_1_311' title='bbox 1205 3921 1372 3983; x_wconf 85' lang='lat' dir='ltr'>demantur.</span> 
     </span>
     <span class='ocr_line' id='line_1_37' title="bbox 233 4019 1372 4100; baseline -0.001 -21"><span class='ocrx_word' id='word_1_312' title='bbox 233 4027 334 4079; x_wconf 90' lang='lat' dir='ltr'>tenere</span> <span class='ocrx_word' id='word_1_313' title='bbox 348 4037 402 4078; x_wconf 90' lang='lat' dir='ltr'>nos</span> <span class='ocrx_word' id='word_1_314' title='bbox 414 4020 578 4097; x_wconf 79' lang='lat' dir='ltr'>fragmenta</span> <span class='ocrx_word' id='word_1_315' title='bbox 592 4021 655 4082; x_wconf 90' lang='lat' dir='ltr'>eius</span> <span class='ocrx_word' id='word_1_316' title='bbox 673 4019 772 4100; x_wconf 89' lang='lat' dir='ltr'>potius</span> <span class='ocrx_word' id='word_1_317' title='bbox 784 4021 852 4093; x_wconf 88' lang='lat' dir='ltr'>duo,</span> <span class='ocrx_word' id='word_1_318' title='bbox 872 4020 997 4081; x_wconf 88' lang='lat' dir='ltr'>alterum</span> <span class='ocrx_word' id='word_1_319' title='bbox 1015 4019 1203 4089; x_wconf 90' lang='lat' dir='ltr'>halieuticon,</span> <span class='ocrx_word' id='word_1_320' title='bbox 1223 4019 1372 4096; x_wconf 79' lang='lat' dir='ltr'>cynegeti-</span> 
     </span>
     <span class='ocr_line' id='line_1_38' title="bbox 233 4115 1371 4197; baseline 0.001 -22"><span class='ocrx_word' id='word_1_321' title='bbox 233 4134 288 4176; x_wconf 92' lang='lat' dir='ltr'>con</span> <span class='ocrx_word' id='word_1_322' title='bbox 312 4117 453 4185; x_wconf 88' lang='lat' dir='ltr'>alterum‚</span> <span class='ocrx_word' id='word_1_323' title='bbox 483 4136 611 4197; x_wconf 92' lang='lat' dir='ltr'>quorum</span> <span class='ocrx_word' id='word_1_324' title='bbox 629 4118 815 4180; x_wconf 88' lang='lat' dir='ltr'>voluminum</span> <span class='ocrx_word' id='word_1_325' title='bbox 844 4118 1051 4181; x_wconf 88' lang='lat' dir='ltr'>incohatorum</span> <span class='ocrx_word' id='word_1_326' title='bbox 1080 4116 1155 4176; x_wconf 90' lang='lat' dir='ltr'>male</span> <span class='ocrx_word' id='word_1_327' title='bbox 1179 4115 1371 4194; x_wconf 91' lang='lat' dir='ltr'>compositam</span> 
     </span>
     <span class='ocr_line' id='line_1_39' title="bbox 233 4213 1371 4294; baseline 0.001 -22"><span class='ocrx_word' id='word_1_328' title='bbox 233 4213 320 4273; x_wconf 87' lang='lat' dir='ltr'>hodie</span> <span class='ocrx_word' id='word_1_329' title='bbox 336 4232 492 4275; x_wconf 90' lang='lat' dir='ltr'>cernamus</span> <span class='ocrx_word' id='word_1_330' title='bbox 514 4217 692 4294; x_wconf 84' lang='lat' dir='ltr'>congeriem.</span> <span class='ocrx_word' id='word_1_331' title='bbox 726 4216 882 4279; x_wconf 88' lang='lat' dir='ltr'>Phantasia</span> <span class='ocrx_word' id='word_1_332' title='bbox 905 4235 966 4278; x_wconf 90' lang='lat' dir='ltr'>non</span> <span class='ocrx_word' id='word_1_333' title='bbox 989 4215 1088 4276; x_wconf 90' lang='lat' dir='ltr'>homo.</span> <span class='ocrx_word' id='word_1_334' title='bbox 1121 4214 1158 4273; x_wconf 84' lang='lat' dir='ltr'>At</span> <span class='ocrx_word' id='word_1_335' title='bbox 1173 4214 1371 4291; x_wconf 83' lang='lat' dir='ltr'>fragmentum</span> 
     </span>
     <span class='ocr_line' id='line_1_40' title="bbox 233 4311 1373 4394; baseline 0.002 -23"><span class='ocrx_word' id='word_1_336' title='bbox 233 4311 425 4390; x_wconf 81' lang='lat' dir='ltr'>cynegeticon</span> <span class='ocrx_word' id='word_1_337' title='bbox 456 4331 525 4374; x_wconf 83' lang='lat' dir='ltr'>casu</span> <span class='ocrx_word' id='word_1_338' title='bbox 550 4314 639 4379; x_wconf 69' lang='lat' dir='ltr'>⁴malo</span> <span class='ocrx_word' id='word_1_339' title='bbox 679 4315 718 4376; x_wconf 90' lang='lat' dir='ltr'>ita</span> <span class='ocrx_word' id='word_1_340' title='bbox 752 4315 855 4394; x_wconf 86' lang='lat' dir='ltr'>incipit</span> <span class='ocrx_word' id='word_1_341' title='bbox 887 4321 922 4375; x_wconf 91' lang='lat' dir='ltr'>ut</span> <span class='ocrx_word' id='word_1_342' title='bbox 953 4311 1104 4374; x_wconf 88' lang='lat' dir='ltr'>terrestria</span> <span class='ocrx_word' id='word_1_343' title='bbox 1138 4327 1277 4390; x_wconf 87' lang='lat' dir='ltr'>expresse</span> <span class='ocrx_word' id='word_1_344' title='bbox 1311 4331 1373 4373; x_wconf 90' lang='lat' dir='ltr'>ce·</span> 
     </span>
     <span class='ocr_line' id='line_1_41' title="bbox 231 4409 1371 4492; baseline 0.002 -23"><span class='ocrx_word' id='word_1_345' title='bbox 231 4418 307 4471; x_wconf 86' lang='lat' dir='ltr'>tera</span> <span class='ocrx_word' id='word_1_346' title='bbox 330 4410 466 4471; x_wconf 89' lang='lat' dir='ltr'>animalia</span> <span class='ocrx_word' id='word_1_347' title='bbox 490 4410 634 4474; x_wconf 86' lang='lat' dir='ltr'>dicantur.</span> <span class='ocrx_word' id='word_1_348' title='bbox 685 4412 786 4492; x_wconf 90' lang='lat' dir='ltr'>ltaque</span> <span class='ocrx_word' id='word_1_349' title='bbox 813 4430 849 4472; x_wconf 82' lang='lat' dir='ltr'>cx</span> <span class='ocrx_word' id='word_1_350' title='bbox 878 4429 948 4472; x_wconf 88' lang='lat' dir='ltr'>voce</span> <span class='ocrx_word' id='word_1_351' title='bbox 974 4420 1069 4472; x_wconf 46' lang='lat' dir='ltr'>&gt;cetam</span> <span class='ocrx_word' id='word_1_352' title='bbox 1095 4409 1291 4489; x_wconf 75' lang='lat' dir='ltr'>colligendum</span> <span class='ocrx_word' id='word_1_353' title='bbox 1315 4411 1371 4472; x_wconf 89' lang='lat' dir='ltr'>erit</span> 
     </span>
    </p>
   </div>
   <div class='ocr_carea' id='block_1_6' title="bbox 0 0 1486 5010">
    <p class='ocr_par' dir='ltr' id='par_1_6' title="bbox 0 0 1486 5010">
     <span class='ocr_line' id='line_1_42' title="bbox 0 0 1486 5010; baseline 0 1"><span class='ocrx_word' id='word_1_354' title='bbox 0 0 1486 5010; x_wconf 95' lang='lat' dir='ltr'> </span> 
     </span>
    </p>
   </div>
  </div>
 </body>
</html>
