<?xml version="1.0" encoding="UTF-8"?>
<!DOCTYPE html PUBLIC "-//W3C//DTD XHTML 1.0 Transitional//EN"
    "http://www.w3.org/TR/xhtml1/DTD/xhtml1-transitional.dtd">
<html xmlns="http://www.w3.org/1999/xhtml" xml:lang="en" lang="en">
 <head>
  <title>
</title>
<meta http-equiv="Content-Type" content="text/html;charset=utf-8" />
  <meta name='ocr-system' content='tesseract 3.04.00' />
  <meta name='ocr-capabilities' content='ocr_page ocr_carea ocr_par ocr_line ocrx_word'/>
</head>
<body>
  <div class='ocr_page' id='page_1' title='image "./dehalieuticisov02birtgoog_0052.png"; bbox 0 0 2962 5010; ppageno 0'>
   <div class='ocr_carea' id='block_1_1' title="bbox 566 286 788 349">
    <p class='ocr_par' dir='ltr' id='par_1_1' title="bbox 566 286 788 349">
     <span class='ocr_line' id='line_1_1' title="bbox 566 286 788 349; baseline -0.009 -17"><span class='ocrx_word' id='word_1_1' title='bbox 566 286 788 349; x_wconf 79' lang='lat'>..43-</span> 
     </span>
    </p>
   </div>
   <div class='ocr_carea' id='block_1_2' title="bbox 101 461 1248 3604">
    <p class='ocr_par' dir='ltr' id='par_1_2' title="bbox 101 461 1248 1928">
     <span class='ocr_line' id='line_1_2' title="bbox 103 461 1244 546; baseline -0.004 -15"><span class='ocrx_word' id='word_1_2' title='bbox 103 469 190 532; x_wconf 90' lang='lat' dir='ltr'><strong>etiarn</strong></span> <span class='ocrx_word' id='word_1_3' title='bbox 216 467 352 530; x_wconf 89' lang='lat' dir='ltr'><strong>vertisset</strong></span> <span class='ocrx_word' id='word_1_4' title='bbox 372 463 434 526; x_wconf 85' lang='lat' dir='ltr'><strong>lere</strong></span> <span class='ocrx_word' id='word_1_5' title='bbox 461 464 497 525; x_wconf 88' lang='lat' dir='ltr'><strong>ad</strong></span> <span class='ocrx_word' id='word_1_6' title='bbox 523 463 647 524; x_wconf 86' lang='lat' dir='ltr'><strong>verbum</strong></span> <span class='ocrx_word' id='word_1_7' title='bbox 674 461 705 523; x_wconf 94' lang='lat' dir='ltr'><strong>in</strong></span> <span class='ocrx_word' id='word_1_8' title='bbox 731 465 920 524; x_wconf 81' lang='lat' dir='ltr'><strong>hexametros</strong></span> <span class='ocrx_word' id='word_1_9' title='bbox 946 461 1063 525; x_wconf 89' lang='lat' dir='ltr'><strong>latinos.</strong></span> <span class='ocrx_word' id='word_1_10' title='bbox 1109 464 1244 546; x_wconf 89' lang='lat' dir='ltr'><strong>Namque</strong></span> 
     </span>
     <span class='ocr_line' id='line_1_3' title="bbox 101 562 1246 646; baseline -0.004 -17"><span class='ocrx_word' id='word_1_11' title='bbox 101 569 160 629; x_wconf 90' lang='lat' dir='ltr'><strong>iarn</strong></span> <span class='ocrx_word' id='word_1_12' title='bbox 182 568 326 646; x_wconf 89' lang='lat' dir='ltr'><strong>tangenda</strong></span> <span class='ocrx_word' id='word_1_13' title='bbox 349 564 454 625; x_wconf 90' lang='lat' dir='ltr'><strong>saltem</strong></span> <span class='ocrx_word' id='word_1_14' title='bbox 477 563 535 623; x_wconf 90' lang='lat' dir='ltr'><strong>hoo</strong></span> <span class='ocrx_word' id='word_1_15' title='bbox 564 563 627 623; x_wconf 93' lang='lat' dir='ltr'><strong>loco</strong></span> <span class='ocrx_word' id='word_1_16' title='bbox 658 571 703 624; x_wconf 92' lang='lat' dir='ltr'><strong>est</strong></span> <span class='ocrx_word' id='word_1_17' title='bbox 733 581 821 642; x_wconf 88' lang='lat' dir='ltr'><strong>quam</strong></span> <span class='ocrx_word' id='word_1_18' title='bbox 849 562 925 624; x_wconf 84' lang='lat' dir='ltr'><strong>iufra</strong></span> <span class='ocrx_word' id='word_1_19' title='bbox 953 562 1163 643; x_wconf 82' lang='lat' dir='ltr'>explicabimus</span> <span class='ocrx_word' id='word_1_20' title='bbox 1192 563 1246 625; x_wconf 91' lang='lat' dir='ltr'><strong>ob-</strong></span> 
     </span>
     <span class='ocr_line' id='line_1_4' title="bbox 102 662 1246 743; baseline -0.003 -15"><span class='ocrx_word' id='word_1_21' title='bbox 102 667 228 729; x_wconf 89' lang='lat' dir='ltr'><strong>servatio</strong></span> <span class='ocrx_word' id='word_1_22' title='bbox 254 686 315 728; x_wconf 91' lang='lat' dir='ltr'><strong>uon</strong></span> <span class='ocrx_word' id='word_1_23' title='bbox 337 662 498 743; x_wconf 80' lang='lat' dir='ltr'><strong>simplicior</strong></span> <span class='ocrx_word' id='word_1_24' title='bbox 520 681 609 743; x_wconf 90' lang='lat' dir='ltr'><strong>quarn</strong></span> <span class='ocrx_word' id='word_1_25' title='bbox 634 662 748 741; x_wconf 88' lang='lat' dir='ltr'><strong>gravior</strong></span> <span class='ocrx_word' id='word_1_26' title='bbox 773 662 804 722; x_wconf 94' lang='lat' dir='ltr'><strong>in</strong></span> <span class='ocrx_word' id='word_1_27' title='bbox 835 662 933 741; x_wconf 92' lang='lat' dir='ltr'><strong>priore</strong></span> <span class='ocrx_word' id='word_1_28' title='bbox 963 669 1040 722; x_wconf 91' lang='lat' dir='ltr'><strong>certe</strong></span> <span class='ocrx_word' id='word_1_29' title='bbox 1064 671 1146 742; x_wconf 86' lang='lat' dir='ltr'><strong>parto</strong></span> <span class='ocrx_word' id='word_1_30' title='bbox 1168 664 1246 743; x_wconf 85' lang='lat' dir='ltr'><strong>frag-</strong></span> 
     </span>
     <span class='ocr_line' id='line_1_5' title="bbox 102 761 1246 845; baseline -0.002 -20"><span class='ocrx_word' id='word_1_31' title='bbox 102 765 196 827; x_wconf 91' lang='lat' dir='ltr'><strong>menti</strong></span> <span class='ocrx_word' id='word_1_32' title='bbox 219 765 394 845; x_wconf 78' lang='lat' dir='ltr'><strong>scriptorem</strong></span> <span class='ocrx_word' id='word_1_33' title='bbox 417 782 520 843; x_wconf 90' lang='lat' dir='ltr'><strong>graeco</strong></span> <span class='ocrx_word' id='word_1_34' title='bbox 544 761 640 841; x_wconf 86' lang='lat' dir='ltr'><strong>aliquo</strong></span> <span class='ocrx_word' id='word_1_35' title='bbox 673 762 807 843; x_wconf 91' lang='lat' dir='ltr'><strong>exemplo</strong></span> <span class='ocrx_word' id='word_1_36' title='bbox 830 778 932 822; x_wconf 89' lang='lat' dir='ltr'><strong>revera</strong></span> <span class='ocrx_word' id='word_1_37' title='bbox 955 769 1090 823; x_wconf 87' lang='lat' dir='ltr'><strong>accurate</strong></span> <span class='ocrx_word' id='word_1_38' title='bbox 1112 761 1246 842; x_wconf 87' lang='lat' dir='ltr'><strong>obsequi,</strong></span> 
     </span>
     <span class='ocr_line' id='line_1_6' title="bbox 103 860 1247 943; baseline -0.001 -19"><span class='ocrx_word' id='word_1_39' title='bbox 103 863 230 943; x_wconf 90' lang='lat' dir='ltr'><strong>quodsi</strong></span> <span class='ocrx_word' id='word_1_40' title='bbox 259 862 408 942; x_wconf 88' lang='lat' dir='ltr'><strong>incapite</strong></span> <span class='ocrx_word' id='word_1_41' title='bbox 436 861 524 922; x_wconf 92' lang='lat' dir='ltr'><strong>huius</strong></span> <span class='ocrx_word' id='word_1_42' title='bbox 551 860 760 940; x_wconf 79' lang='lat' dir='ltr'><strong>disputationis</strong></span> <span class='ocrx_word' id='word_1_43' title='bbox 790 860 1033 939; x_wconf 82' lang='lat' dir='ltr'><strong>exposuissemus</strong></span> <span class='ocrx_word' id='word_1_44' title='bbox 1056 862 1247 939; x_wconf 89' lang='lat' dir='ltr'><strong>grammatica</strong></span> 
     </span>
     <span class='ocr_line' id='line_1_7' title="bbox 101 959 1247 1042; baseline -0.001 -20"><span class='ocrx_word' id='word_1_45' title='bbox 101 961 229 1023; x_wconf 88' lang='lat' dir='ltr'><strong>fortasse</strong></span> <span class='ocrx_word' id='word_1_46' title='bbox 246 960 460 1042; x_wconf 82' lang='lat' dir='ltr'><strong>argumentatio</strong></span> <span class='ocrx_word' id='word_1_47' title='bbox 476 967 538 1021; x_wconf 92' lang='lat' dir='ltr'><strong>tota</strong></span> <span class='ocrx_word' id='word_1_48' title='bbox 554 978 770 1039; x_wconf 89' lang='lat' dir='ltr'><strong>supervacanea</strong></span> <span class='ocrx_word' id='word_1_49' title='bbox 794 959 852 1020; x_wconf 88' lang='lat' dir='ltr'><strong>visa</strong></span> <span class='ocrx_word' id='word_1_50' title='bbox 869 959 984 1032; x_wconf 86' lang='lat' dir='ltr'><strong>fuisset,</strong></span> <span class='ocrx_word' id='word_1_51' title='bbox 1007 959 1247 1039; x_wconf 90' lang='lat' dir='ltr'><strong>quandoquidem</strong></span> 
     </span>
     <span class='ocr_line' id='line_1_8' title="bbox 102 1056 1246 1138; baseline -0.003 -17"><span class='ocrx_word' id='word_1_52' title='bbox 102 1078 164 1121; x_wconf 89' lang='lat' dir='ltr'><strong>non</strong></span> <span class='ocrx_word' id='word_1_53' title='bbox 197 1059 254 1121; x_wconf 91' lang='lat' dir='ltr'><strong>nisi</strong></span> <span class='ocrx_word' id='word_1_54' title='bbox 286 1059 438 1121; x_wconf 90' lang='lat' dir='ltr'><strong>liberrime</strong></span> <span class='ocrx_word' id='word_1_55' title='bbox 471 1058 744 1136; x_wconf 84' lang='lat' dir='ltr'><strong>ingeniosissimum</strong></span> <span class='ocrx_word' id='word_1_56' title='bbox 777 1066 896 1138; x_wconf 89' lang='lat' dir='ltr'><strong>poetam</strong></span> <span class='ocrx_word' id='word_1_57' title='bbox 920 1056 1022 1118; x_wconf 87' lang='lat' dir='ltr'><strong>alienis</strong></span> <span class='ocrx_word' id='word_1_58' title='bbox 1055 1059 1098 1120; x_wconf 92' lang='lat' dir='ltr'><strong>uti</strong></span> <span class='ocrx_word' id='word_1_59' title='bbox 1131 1057 1246 1119; x_wconf 84' lang='lat' dir='ltr'><strong>auxiliis</strong></span> 
     </span>
     <span class='ocr_line' id='line_1_9' title="bbox 104 1155 1247 1240; baseline -0.003 -20"><span class='ocrx_word' id='word_1_60' title='bbox 104 1158 183 1220; x_wconf 88' lang='lat' dir='ltr'><strong>dicct</strong></span> <span class='ocrx_word' id='word_1_61' title='bbox 203 1158 229 1219; x_wconf 90' lang='lat' dir='ltr'><strong>is</strong></span> <span class='ocrx_word' id='word_1_62' title='bbox 252 1178 370 1240; x_wconf 89' lang='lat' dir='ltr'><strong>quoque</strong></span> <span class='ocrx_word' id='word_1_63' title='bbox 393 1157 444 1239; x_wconf 90' lang='lat' dir='ltr'><strong>qui</strong></span> <span class='ocrx_word' id='word_1_64' title='bbox 464 1155 496 1218; x_wconf 93' lang='grc' dir='ltr'><strong>Ο.</strong></span> <span class='ocrx_word' id='word_1_65' title='bbox 516 1157 729 1218; x_wconf 90' lang='lat' dir='ltr'><strong>Schneiderum</strong></span> <span class='ocrx_word' id='word_1_66' title='bbox 754 1156 789 1216; x_wconf 91' lang='lat' dir='ltr'><strong>de</strong></span> <span class='ocrx_word' id='word_1_67' title='bbox 805 1156 886 1216; x_wconf 88' lang='lat' dir='ltr'><strong>lbide</strong></span> <span class='ocrx_word' id='word_1_68' title='bbox 901 1155 1069 1216; x_wconf 85' lang='lat' dir='ltr'><strong>Callimachi</strong></span> <span class='ocrx_word' id='word_1_69' title='bbox 1090 1175 1247 1237; x_wconf 89' lang='lat' dir='ltr'><strong>perperam</strong></span> 
     </span>
     <span class='ocr_line' id='line_1_10' title="bbox 103 1252 1248 1336; baseline 0 -19"><span class='ocrx_word' id='word_1_70' title='bbox 103 1256 248 1317; x_wconf 90' lang='lat' dir='ltr'><strong>iudicasse</strong></span> <span class='ocrx_word' id='word_1_71' title='bbox 270 1265 358 1336; x_wconf 89' lang='lat' dir='ltr'><strong>atque</strong></span> <span class='ocrx_word' id='word_1_72' title='bbox 380 1257 417 1317; x_wconf 91' lang='lat' dir='ltr'><strong>ad</strong></span> <span class='ocrx_word' id='word_1_73' title='bbox 440 1256 529 1317; x_wconf 93' lang='lat' dir='ltr'><strong>huius</strong></span> <span class='ocrx_word' id='word_1_74' title='bbox 551 1256 711 1332; x_wconf 82' lang='lat' dir='ltr'><strong>imaginem</strong></span> <span class='ocrx_word' id='word_1_75' title='bbox 741 1255 836 1333; x_wconf 89' lang='lat' dir='ltr'><strong>ipsam</strong></span> <span class='ocrx_word' id='word_1_76' title='bbox 860 1252 1032 1315; x_wconf 79' lang='lat' dir='ltr'><strong>Ouidianum</strong></span> <span class='ocrx_word' id='word_1_77' title='bbox 1057 1254 1123 1315; x_wconf 94' lang='lat' dir='ltr'><strong>lbin</strong></span> <span class='ocrx_word' id='word_1_78' title='bbox 1148 1256 1248 1317; x_wconf 88' lang='lat' dir='ltr'><strong>delor-</strong></span> 
     </span>
     <span class='ocr_line' id='line_1_11' title="bbox 104 1352 1246 1434; baseline 0 -19"><span class='ocrx_word' id='word_1_79' title='bbox 104 1362 216 1416; x_wconf 90' lang='lat' dir='ltr'><strong>matam</strong></span> <span class='ocrx_word' id='word_1_80' title='bbox 249 1373 314 1415; x_wconf 90' lang='lat' dir='ltr'><strong>esse</strong></span> <span class='ocrx_word' id='word_1_81' title='bbox 347 1353 533 1416; x_wconf 88' lang='lat' dir='ltr'><strong>intellexerit.</strong></span> <span class='ocrx_word' id='word_1_82' title='bbox 582 1353 715 1434; x_wconf 87' lang='lat' dir='ltr'><strong>Denique</strong></span> <span class='ocrx_word' id='word_1_83' title='bbox 748 1353 826 1413; x_wconf 91' lang='lat' dir='ltr'><strong>illam</strong></span> <span class='ocrx_word' id='word_1_84' title='bbox 851 1352 937 1413; x_wconf 82' lang='lat' dir='ltr'><strong>Ovidi</strong></span> <span class='ocrx_word' id='word_1_85' title='bbox 964 1359 994 1412; x_wconf 94' lang='lat' dir='ltr'><strong>et</strong></span> <span class='ocrx_word' id='word_1_86' title='bbox 1015 1352 1246 1415; x_wconf 89' lang='lat' dir='ltr'><strong>Halieutioorum</strong></span> 
     </span>
     <span class='ocr_line' id='line_1_12' title="bbox 104 1450 1248 1532; baseline 0 -18"><span class='ocrx_word' id='word_1_87' title='bbox 104 1454 252 1515; x_wconf 89' lang='lat' dir='ltr'><strong>sermonis</strong></span> <span class='ocrx_word' id='word_1_88' title='bbox 276 1453 475 1514; x_wconf 83' lang='lat' dir='ltr'><strong>differentiam</strong></span> <span class='ocrx_word' id='word_1_89' title='bbox 499 1473 533 1514; x_wconf 91' lang='lat' dir='ltr'><strong>ex</strong></span> <span class='ocrx_word' id='word_1_90' title='bbox 555 1452 730 1532; x_wconf 86' lang='lat' dir='ltr'><strong>imperfecto</strong></span> <span class='ocrx_word' id='word_1_91' title='bbox 753 1458 833 1512; x_wconf 92' lang='lat' dir='ltr'><strong>statu</strong></span> <span class='ocrx_word' id='word_1_92' title='bbox 853 1450 1012 1530; x_wconf 86' lang='lat' dir='ltr'><strong>fragmenti</strong></span> <span class='ocrx_word' id='word_1_93' title='bbox 1034 1453 1179 1532; x_wconf 88' lang='lat' dir='ltr'><strong>explicare</strong></span> <span class='ocrx_word' id='word_1_94' title='bbox 1199 1453 1248 1514; x_wconf 93' lang='lat' dir='ltr'><strong>in-</strong></span> 
     </span>
     <span class='ocr_line' id='line_1_13' title="bbox 104 1549 1247 1631; baseline -0.001 -18"><span class='ocrx_word' id='word_1_95' title='bbox 104 1551 203 1613; x_wconf 85' lang='lat' dir='ltr'><strong>sanire</strong></span> <span class='ocrx_word' id='word_1_96' title='bbox 226 1559 290 1626; x_wconf 80' lang='lat' dir='ltr'><strong>est3</strong></span> <span class='ocrx_word' id='word_1_97' title='bbox 312 1570 481 1614; x_wconf 91' lang='lat' dir='ltr'><strong>sermonem</strong></span> <span class='ocrx_word' id='word_1_98' title='bbox 498 1570 587 1613; x_wconf 90' lang='lat' dir='ltr'><strong>nemo</strong></span> <span class='ocrx_word' id='word_1_99' title='bbox 610 1569 698 1612; x_wconf 89' lang='lat' dir='ltr'><strong>suum</strong></span> <span class='ocrx_word' id='word_1_100' title='bbox 722 1551 819 1624; x_wconf 78' lang='lat' dir='ltr'><strong>exuit3</strong></span> <span class='ocrx_word' id='word_1_101' title='bbox 842 1559 944 1611; x_wconf 89' lang='lat' dir='ltr'><strong>contra</strong></span> <span class='ocrx_word' id='word_1_102' title='bbox 967 1549 1067 1612; x_wconf 90' lang='lat' dir='ltr'><strong>minus</strong></span> <span class='ocrx_word' id='word_1_103' title='bbox 1090 1551 1179 1631; x_wconf 91' lang='lat' dir='ltr'><strong>polita</strong></span> <span class='ocrx_word' id='word_1_104' title='bbox 1201 1552 1247 1613; x_wconf 91' lang='lat' dir='ltr'><strong>vel</strong></span> 
     </span>
     <span class='ocr_line' id='line_1_14' title="bbox 104 1648 1244 1732; baseline -0.001 -20"><span class='ocrx_word' id='word_1_105' title='bbox 104 1651 229 1713; x_wconf 90' lang='lat' dir='ltr'><strong>celerius</strong></span> <span class='ocrx_word' id='word_1_106' title='bbox 277 1652 387 1730; x_wconf 89' lang='lat' dir='ltr'><strong>scripta</strong></span> <span class='ocrx_word' id='word_1_107' title='bbox 429 1651 556 1732; x_wconf 92' lang='lat' dir='ltr'><strong>propriis</strong></span> <span class='ocrx_word' id='word_1_108' title='bbox 600 1658 706 1730; x_wconf 90' lang='lat' dir='ltr'><strong>poetae</strong></span> <span class='ocrx_word' id='word_1_109' title='bbox 753 1649 847 1727; x_wconf 91' lang='lat' dir='ltr'><strong>magis</strong></span> <span class='ocrx_word' id='word_1_110' title='bbox 888 1648 1075 1710; x_wconf 91' lang='lat' dir='ltr'><strong>inundentur</strong></span> <span class='ocrx_word' id='word_1_111' title='bbox 1119 1657 1244 1729; x_wconf 92' lang='lat' dir='ltr'><strong>oportet.</strong></span> 
     </span>
     <span class='ocr_line' id='line_1_15' title="bbox 104 1742 1247 1828; baseline 0 -18"><span class='ocrx_word' id='word_1_112' title='bbox 104 1748 320 1811; x_wconf 83' lang='lat' dir='ltr'><strong>Iucundissima</strong></span> <span class='ocrx_word' id='word_1_113' title='bbox 344 1749 477 1811; x_wconf 90' lang='lat' dir='ltr'><strong>Schilleri</strong></span> <span class='ocrx_word' id='word_1_114' title='bbox 504 1749 598 1810; x_wconf 93' lang='lat' dir='ltr'><strong>nostri</strong></span> <span class='ocrx_word' id='word_1_115' title='bbox 622 1742 748 1828; x_wconf 84' lang='lat' dir='ltr'><strong>praesto</strong></span> <span class='ocrx_word' id='word_1_116' title='bbox 767 1746 945 1826; x_wconf 90' lang='lat' dir='ltr'><strong>comparatio</strong></span> <span class='ocrx_word' id='word_1_117' title='bbox 974 1755 1033 1820; x_wconf 79' lang='lat' dir='ltr'><strong>cst3</strong></span> <span class='ocrx_word' id='word_1_118' title='bbox 1063 1747 1146 1809; x_wconf 87' lang='lat' dir='ltr'><strong>cuius</strong></span> <span class='ocrx_word' id='word_1_119' title='bbox 1167 1749 1247 1828; x_wconf 83' lang='lat' dir='ltr'><strong>frag-</strong></span> 
     </span>
     <span class='ocr_line' id='line_1_16' title="bbox 104 1846 1244 1928; baseline 0.001 -21"><span class='ocrx_word' id='word_1_120' title='bbox 104 1857 203 1910; x_wconf 92' lang='lat' dir='ltr'><strong>menta</strong></span> <span class='ocrx_word' id='word_1_121' title='bbox 226 1867 264 1909; x_wconf 92' lang='lat' dir='ltr'><strong>ne</strong></span> <span class='ocrx_word' id='word_1_122' title='bbox 287 1849 429 1928; x_wconf 88' lang='lat' dir='ltr'><strong>neglegat,</strong></span> <span class='ocrx_word' id='word_1_123' title='bbox 454 1848 503 1927; x_wconf 90' lang='lat' dir='ltr'><strong>qui</strong></span> <span class='ocrx_word' id='word_1_124' title='bbox 526 1847 666 1908; x_wconf 90' lang='lat' dir='ltr'><strong>iudicium</strong></span> <span class='ocrx_word' id='word_1_125' title='bbox 690 1847 726 1907; x_wconf 92' lang='lat' dir='ltr'><strong>de</strong></span> <span class='ocrx_word' id='word_1_126' title='bbox 750 1855 850 1907; x_wconf 91' lang='lat' dir='ltr'><strong>nostra</strong></span> <span class='ocrx_word' id='word_1_127' title='bbox 867 1846 1042 1926; x_wconf 88' lang='lat' dir='ltr'><strong>quaestione</strong></span> <span class='ocrx_word' id='word_1_128' title='bbox 1058 1849 1136 1909; x_wconf 84' lang='lat' dir='ltr'><strong>ferre</strong></span> <span class='ocrx_word' id='word_1_129' title='bbox 1158 1849 1244 1910; x_wconf 88' lang='lat' dir='ltr'><strong>volet.</strong></span> 
     </span>
    </p>

    <p class='ocr_par' dir='ltr' id='par_1_3' title="bbox 103 1944 1248 3604">
     <span class='ocr_line' id='line_1_17' title="bbox 190 1944 1245 2023; baseline 0.001 -16"><span class='ocrx_word' id='word_1_130' title='bbox 190 1944 289 2008; x_wconf 90' lang='lat' dir='ltr'><strong>Unum</strong></span> <span class='ocrx_word' id='word_1_131' title='bbox 318 1947 433 2008; x_wconf 92' lang='lat' dir='ltr'><strong>addam.</strong></span> <span class='ocrx_word' id='word_1_132' title='bbox 478 1945 600 2006; x_wconf 82' lang='lat' dir='ltr'><strong>Aridum</strong></span> <span class='ocrx_word' id='word_1_133' title='bbox 636 1954 665 2006; x_wconf 93' lang='lat' dir='ltr'><strong>et</strong></span> <span class='ocrx_word' id='word_1_134' title='bbox 698 1945 891 2006; x_wconf 87' lang='lat' dir='ltr'><strong>invenustum</strong></span> <span class='ocrx_word' id='word_1_135' title='bbox 925 1944 1122 2023; x_wconf 87' lang='lat' dir='ltr'><strong>fragmentum</strong></span> <span class='ocrx_word' id='word_1_136' title='bbox 1157 1948 1245 2008; x_wconf 90' lang='lat' dir='ltr'><strong>etiam</strong></span> 
     </span>
     <span class='ocr_line' id='line_1_18' title="bbox 104 2042 1247 2125; baseline 0.002 -20"><span class='ocrx_word' id='word_1_137' title='bbox 104 2044 256 2125; x_wconf 91' lang='lat' dir='ltr'><strong>Zingerleo</strong></span> <span class='ocrx_word' id='word_1_138' title='bbox 278 2045 373 2106; x_wconf 91' lang='lat' dir='ltr'><strong>visum</strong></span> <span class='ocrx_word' id='word_1_139' title='bbox 396 2053 451 2114; x_wconf 90' lang='lat' dir='ltr'><strong>est,</strong></span> <span class='ocrx_word' id='word_1_140' title='bbox 475 2044 602 2105; x_wconf 89' lang='lat' dir='ltr'><strong>maximo</strong></span> <span class='ocrx_word' id='word_1_141' title='bbox 624 2063 693 2106; x_wconf 91' lang='lat' dir='ltr'><strong>vero</strong></span> <span class='ocrx_word' id='word_1_142' title='bbox 715 2043 897 2105; x_wconf 87' lang='lat' dir='ltr'><strong>enumeratio</strong></span> <span class='ocrx_word' id='word_1_143' title='bbox 918 2042 1056 2122; x_wconf 90' lang='lat' dir='ltr'><strong>piscium;</strong></span> <span class='ocrx_word' id='word_1_144' title='bbox 1079 2045 1247 2124; x_wconf 88' lang='lat' dir='ltr'><strong>relegamur</strong></span> 
     </span>
     <span class='ocr_line' id='line_1_19' title="bbox 103 2142 1248 2207; baseline 0.001 -4"><span class='ocrx_word' id='word_1_145' title='bbox 103 2144 263 2204; x_wconf 88' lang='lat' dir='ltr'><strong>tamenab</strong></span> <span class='ocrx_word' id='word_1_146' title='bbox 290 2163 325 2204; x_wconf 95' lang='lat' dir='ltr'><strong>eo</strong></span> <span class='ocrx_word' id='word_1_147' title='bbox 358 2144 394 2204; x_wconf 92' lang='lat' dir='ltr'><strong>ad</strong></span> <span class='ocrx_word' id='word_1_148' title='bbox 426 2143 667 2204; x_wconf 89' lang='lat' dir='ltr'><strong>enumerationes</strong></span> <span class='ocrx_word' id='word_1_149' title='bbox 694 2143 756 2204; x_wconf 93' lang='lat' dir='ltr'><strong>illas</strong></span> <span class='ocrx_word' id='word_1_150' title='bbox 784 2142 941 2205; x_wconf 93' lang='lat' dir='ltr'><strong>nominum</strong></span> <span class='ocrx_word' id='word_1_151' title='bbox 973 2144 1018 2204; x_wconf 90' lang='lat' dir='ltr'><strong>vel</strong></span> <span class='ocrx_word' id='word_1_152' title='bbox 1046 2144 1171 2205; x_wconf 91' lang='lat' dir='ltr'><strong>heroum</strong></span> <span class='ocrx_word' id='word_1_153' title='bbox 1201 2145 1248 2207; x_wconf 89' lang='lat' dir='ltr'><strong>vel</strong></span> 
     </span>
     <span class='ocr_line' id='line_1_20' title="bbox 105 2240 1247 2322; baseline 0.002 -20"><span class='ocrx_word' id='word_1_154' title='bbox 105 2241 283 2322; x_wconf 90' lang='lat' dir='ltr'><strong>oppidorum</strong></span> <span class='ocrx_word' id='word_1_155' title='bbox 307 2242 352 2303; x_wconf 86' lang='lat' dir='ltr'><strong>vel</strong></span> <span class='ocrx_word' id='word_1_156' title='bbox 376 2261 480 2303; x_wconf 90' lang='lat' dir='ltr'><strong>canum</strong></span> <span class='ocrx_word' id='word_1_157' title='bbox 504 2241 550 2302; x_wconf 88' lang='lat' dir='ltr'><strong>vel</strong></span> <span class='ocrx_word' id='word_1_158' title='bbox 575 2241 714 2302; x_wconf 89' lang='lat' dir='ltr'><strong>similium</strong></span> <span class='ocrx_word' id='word_1_159' title='bbox 742 2260 815 2321; x_wconf 93' lang='lat' dir='ltr'><strong>quas</strong></span> <span class='ocrx_word' id='word_1_160' title='bbox 842 2240 964 2302; x_wconf 87' lang='lat' dir='ltr'><strong>Ovidius</strong></span> <span class='ocrx_word' id='word_1_161' title='bbox 991 2241 1054 2320; x_wconf 93' lang='lat' dir='ltr'><strong>ipse</strong></span> <span class='ocrx_word' id='word_1_162' title='bbox 1083 2263 1151 2305; x_wconf 90' lang='lat' dir='ltr'><strong>cum</strong></span> <span class='ocrx_word' id='word_1_163' title='bbox 1179 2244 1247 2305; x_wconf 88' lang='lat' dir='ltr'><strong>alibi</strong></span> 
     </span>
     <span class='ocr_line' id='line_1_21' title="bbox 105 2339 1246 2423; baseline 0.003 -23"><span class='ocrx_word' id='word_1_164' title='bbox 105 2347 170 2401; x_wconf 93' lang='lat' dir='ltr'><strong>tum</strong></span> <span class='ocrx_word' id='word_1_165' title='bbox 197 2340 230 2401; x_wconf 91' lang='lat' dir='ltr'><strong>in</strong></span> <span class='ocrx_word' id='word_1_166' title='bbox 255 2339 579 2402; x_wconf 86' lang='lat' dir='ltr'><strong>Transformationibus</strong></span> <span class='ocrx_word' id='word_1_167' title='bbox 607 2341 735 2402; x_wconf 89' lang='lat' dir='ltr'><strong>ostendit</strong></span> <span class='ocrx_word' id='word_1_168' title='bbox 759 2359 842 2402; x_wconf 92' lang='lat' dir='ltr'><strong>more</strong></span> <span class='ocrx_word' id='word_1_169' title='bbox 870 2341 928 2403; x_wconf 92' lang='lat' dir='ltr'><strong>stili</strong></span> <span class='ocrx_word' id='word_1_170' title='bbox 957 2343 1032 2423; x_wconf 88' lang='lat' dir='ltr'><strong>epici</strong></span> <span class='ocrx_word' id='word_1_171' title='bbox 1060 2362 1118 2423; x_wconf 91' lang='lat' dir='ltr'><strong>quo</strong></span> <span class='ocrx_word' id='word_1_172' title='bbox 1146 2361 1246 2404; x_wconf 90' lang='lat' dir='ltr'><strong>rerum</strong></span> 
     </span>
     <span class='ocr_line' id='line_1_22' title="bbox 105 2439 1246 2520; baseline 0.003 -22"><span class='ocrx_word' id='word_1_173' title='bbox 105 2446 241 2500; x_wconf 91' lang='lat' dir='ltr'><strong>accurate</strong></span> <span class='ocrx_word' id='word_1_174' title='bbox 264 2439 528 2501; x_wconf 90' lang='lat' dir='ltr'><strong>describendarum</strong></span> <span class='ocrx_word' id='word_1_175' title='bbox 550 2439 680 2501; x_wconf 91' lang='lat' dir='ltr'><strong>studium</strong></span> <span class='ocrx_word' id='word_1_176' title='bbox 706 2459 773 2501; x_wconf 91' lang='lat' dir='ltr'><strong>oum</strong></span> <span class='ocrx_word' id='word_1_177' title='bbox 798 2441 897 2501; x_wconf 91' lang='lat' dir='ltr'><strong>studio</strong></span> <span class='ocrx_word' id='word_1_178' title='bbox 914 2442 1102 2520; x_wconf 89' lang='lat' dir='ltr'><strong>coniungitur</strong></span> <span class='ocrx_word' id='word_1_179' title='bbox 1124 2442 1246 2502; x_wconf 90' lang='lat' dir='ltr'><strong>tardan-</strong></span> 
     </span>
     <span class='ocr_line' id='line_1_23' title="bbox 106 2537 1246 2619; baseline 0.002 -22"><span class='ocrx_word' id='word_1_180' title='bbox 106 2537 159 2598; x_wconf 90' lang='lat' dir='ltr'><strong>dae</strong></span> <span class='ocrx_word' id='word_1_181' title='bbox 182 2537 305 2599; x_wconf 89' lang='lat' dir='ltr'><strong>actionis</strong></span> <span class='ocrx_word' id='word_1_182' title='bbox 328 2538 537 2618; x_wconf 88' lang='lat' dir='ltr'><strong>tranquillandi</strong></span> <span class='ocrx_word' id='word_1_183' title='bbox 552 2538 643 2599; x_wconf 90' lang='lat' dir='ltr'><strong>animi</strong></span> <span class='ocrx_word' id='word_1_184' title='bbox 667 2545 788 2606; x_wconf 85' lang='lat' dir='ltr'><strong>eventus</strong></span> <span class='ocrx_word' id='word_1_185' title='bbox 812 2539 1015 2619; x_wconf 89' lang='lat' dir='ltr'><strong>praeparandi.</strong></span> <span class='ocrx_word' id='word_1_186' title='bbox 1055 2539 1139 2612; x_wconf 83' lang='lat' dir='ltr'><strong>Quod</strong></span> <span class='ocrx_word' id='word_1_187' title='bbox 1163 2558 1246 2600; x_wconf 88' lang='lat' dir='ltr'><strong>com·</strong></span> 
     </span>
     <span class='ocr_line' id='line_1_24' title="bbox 104 2636 1245 2717; baseline 0.004 -22"><span class='ocrx_word' id='word_1_188' title='bbox 104 2637 330 2697; x_wconf 90' lang='lat' dir='ltr'><strong>memorandum</strong></span> <span class='ocrx_word' id='word_1_189' title='bbox 356 2637 424 2698; x_wconf 90' lang='lat' dir='ltr'><strong>duxi</strong></span> <span class='ocrx_word' id='word_1_190' title='bbox 452 2637 550 2716; x_wconf 88' lang='lat' dir='ltr'><strong>spuria</strong></span> <span class='ocrx_word' id='word_1_191' title='bbox 573 2636 734 2698; x_wconf 87' lang='lat' dir='ltr'><strong>Halieutica</strong></span> <span class='ocrx_word' id='word_1_192' title='bbox 760 2655 826 2698; x_wconf 89' lang='lat' dir='ltr'><strong>esse</strong></span> <span class='ocrx_word' id='word_1_193' title='bbox 856 2657 934 2699; x_wconf 88' lang='lat' dir='ltr'><strong>novo</strong></span> <span class='ocrx_word' id='word_1_194' title='bbox 963 2647 1139 2717; x_wconf 87' lang='lat' dir='ltr'><strong>argumento</strong></span> <span class='ocrx_word' id='word_1_195' title='bbox 1167 2638 1245 2699; x_wconf 86' lang='lat' dir='ltr'><strong>erio-</strong></span> 
     </span>
     <span class='ocr_line' id='line_1_25' title="bbox 105 2734 1245 2817; baseline 0.003 -23"><span class='ocrx_word' id='word_1_196' title='bbox 105 2741 203 2807; x_wconf 89' lang='lat' dir='ltr'><strong>tums,</strong></span> <span class='ocrx_word' id='word_1_197' title='bbox 226 2734 378 2812; x_wconf 90' lang='lat' dir='ltr'><strong>Zingerleo</strong></span> <span class='ocrx_word' id='word_1_198' title='bbox 405 2735 488 2797; x_wconf 89' lang='lat' dir='ltr'><strong>duce.</strong></span> <span class='ocrx_word' id='word_1_199' title='bbox 535 2736 758 2798; x_wconf 85' lang='lat' dir='ltr'><strong>Enumerantur</strong></span> <span class='ocrx_word' id='word_1_200' title='bbox 784 2737 816 2797; x_wconf 93' lang='lat' dir='ltr'><strong>in</strong></span> <span class='ocrx_word' id='word_1_201' title='bbox 843 2744 926 2816; x_wconf 89' lang='lat' dir='ltr'><strong>parte</strong></span> <span class='ocrx_word' id='word_1_202' title='bbox 953 2737 1119 2817; x_wconf 89' lang='lat' dir='ltr'><strong>posteriore</strong></span> <span class='ocrx_word' id='word_1_203' title='bbox 1149 2737 1245 2815; x_wconf 89' lang='lat' dir='ltr'><strong>pisces</strong></span> 
     </span>
     <span class='ocr_line' id='line_1_26' title="bbox 104 2832 1244 2914; baseline 0.001 -20"><span class='ocrx_word' id='word_1_204' title='bbox 104 2832 318 2912; x_wconf 85' lang='lat' dir='ltr'><strong>quinquaginta</strong></span> <span class='ocrx_word' id='word_1_205' title='bbox 343 2843 421 2910; x_wconf 86' lang='lat' dir='ltr'><strong>tres;</strong></span> <span class='ocrx_word' id='word_1_206' title='bbox 449 2834 500 2895; x_wconf 88' lang='lat' dir='ltr'><strong>sed</strong></span> <span class='ocrx_word' id='word_1_207' title='bbox 532 2852 589 2914; x_wconf 90' lang='lat' dir='ltr'><strong>qua</strong></span> <span class='ocrx_word' id='word_1_208' title='bbox 618 2843 835 2896; x_wconf 89' lang='lat' dir='ltr'><strong>enumerentur</strong></span> <span class='ocrx_word' id='word_1_209' title='bbox 864 2845 925 2897; x_wconf 90' lang='lat' dir='ltr'><strong>arte</strong></span> <span class='ocrx_word' id='word_1_210' title='bbox 954 2837 1086 2898; x_wconf 90' lang='lat' dir='ltr'><strong>animum</strong></span> <span class='ocrx_word' id='word_1_211' title='bbox 1116 2836 1244 2897; x_wconf 89' lang='lat' dir='ltr'><strong>adverte.</strong></span> 
     </span>
     <span class='ocr_line' id='line_1_27' title="bbox 104 2926 1245 3015; baseline 0.004 -25"><span class='ocrx_word' id='word_1_212' title='bbox 104 2930 227 2991; x_wconf 90' lang='lat' dir='ltr'><strong>Plurimi</strong></span> <span class='ocrx_word' id='word_1_213' title='bbox 244 2931 364 3011; x_wconf 86' lang='lat' dir='ltr'><strong>quidem</strong></span> <span class='ocrx_word' id='word_1_214' title='bbox 380 2932 529 3011; x_wconf 90' lang='lat' dir='ltr'><strong>particulis</strong></span> <span class='ocrx_word' id='word_1_215' title='bbox 545 2933 726 2995; x_wconf 89' lang='lat' dir='ltr'><strong>adseruntur</strong></span> <span class='ocrx_word' id='word_1_216' title='bbox 747 2941 799 2995; x_wconf 92' lang='lat' dir='ltr'><strong>aut</strong></span> <span class='ocrx_word' id='word_1_217' title='bbox 813 2926 844 2996; x_wconf 82' lang='lat' dir='ltr'><strong>¹et</strong></span> <span class='ocrx_word' id='word_1_218' title='bbox 866 2944 917 2997; x_wconf 91' lang='lat' dir='ltr'><strong>aut</strong></span> <span class='ocrx_word' id='word_1_219' title='bbox 932 2954 984 3015; x_wconf 81' lang='lat' dir='ltr'><strong>qne</strong></span> <span class='ocrx_word' id='word_1_220' title='bbox 1006 2943 1057 2996; x_wconf 91' lang='lat' dir='ltr'><strong>aut</strong></span> <span class='ocrx_word' id='word_1_221' title='bbox 1079 2944 1162 3014; x_wconf 79' lang='lat' dir='ltr'><strong>atque</strong></span> <span class='ocrx_word' id='word_1_222' title='bbox 1179 2937 1245 3009; x_wconf 86' lang='lat' dir='ltr'><strong>(co),</strong></span> 
     </span>
     <span class='ocr_line' id='line_1_28' title="bbox 103 3028 1247 3113; baseline 0.004 -24"><span class='ocrx_word' id='word_1_223' title='bbox 103 3028 154 3089; x_wconf 91' lang='lat' dir='ltr'><strong>sed</strong></span> <span class='ocrx_word' id='word_1_224' title='bbox 183 3046 245 3090; x_wconf 90' lang='lat' dir='ltr'><strong>non</strong></span> <span class='ocrx_word' id='word_1_225' title='bbox 269 3030 367 3092; x_wconf 91' lang='lat' dir='ltr'><strong>minus</strong></span> <span class='ocrx_word' id='word_1_226' title='bbox 394 3039 497 3110; x_wconf 89' lang='lat' dir='ltr'><strong>quater</strong></span> <span class='ocrx_word' id='word_1_227' title='bbox 526 3041 585 3091; x_wconf 85' lang='lat' dir='ltr'><strong>turn</strong></span> <span class='ocrx_word' id='word_1_228' title='bbox 610 3031 715 3109; x_wconf 89' lang='lat' dir='ltr'><strong>legitur</strong></span> <span class='ocrx_word' id='word_1_229' title='bbox 744 3036 782 3107; x_wconf 89' lang='lat' dir='ltr'><strong>(v.</strong></span> <span class='ocrx_word' id='word_1_230' title='bbox 801 3033 870 3093; x_wconf 86' lang='lat'><strong>103.</strong></span> <span class='ocrx_word' id='word_1_231' title='bbox 897 3032 965 3094; x_wconf 83' lang='lat'>109.</span> <span class='ocrx_word' id='word_1_232' title='bbox 985 3033 1154 3113; x_wconf 75' lang='grc'><strong>111126),</strong></span> <span class='ocrx_word' id='word_1_233' title='bbox 1185 3051 1247 3094; x_wconf 91' lang='lat' dir='ltr'><strong>non</strong></span> 
     </span>
     <span class='ocr_line' id='line_1_29' title="bbox 105 3126 1246 3209; baseline 0.004 -22"><span class='ocrx_word' id='word_1_234' title='bbox 105 3126 204 3188; x_wconf 88' lang='lat' dir='ltr'><strong>minus</strong></span> <span class='ocrx_word' id='word_1_235' title='bbox 227 3136 331 3208; x_wconf 91' lang='lat' dir='ltr'><strong>quater</strong></span> <span class='ocrx_word' id='word_1_236' title='bbox 354 3128 477 3190; x_wconf 92' lang='lat' dir='ltr'><strong>omnino</strong></span> <span class='ocrx_word' id='word_1_237' title='bbox 506 3129 647 3207; x_wconf 87' lang='lat' dir='ltr'><strong>particula</strong></span> <span class='ocrx_word' id='word_1_238' title='bbox 677 3130 862 3193; x_wconf 89' lang='lat' dir='ltr'><strong>desideratur</strong></span> <span class='ocrx_word' id='word_1_239' title='bbox 890 3133 927 3209; x_wconf 78' lang='lat' dir='ltr'><strong>(r.</strong></span> <span class='ocrx_word' id='word_1_240' title='bbox 945 3130 994 3192; x_wconf 78' lang='lat'><strong>99.</strong></span> <span class='ocrx_word' id='word_1_241' title='bbox 1013 3133 1081 3192; x_wconf 82' lang='lat'>121.</span> <span class='ocrx_word' id='word_1_242' title='bbox 1101 3133 1178 3203; x_wconf 79' lang='lat'><strong>1263</strong></span> <span class='ocrx_word' id='word_1_243' title='bbox 1210 3132 1246 3192; x_wconf 87' lang='lat' dir='ltr'><strong>do</strong></span> 
     </span>
     <span class='ocr_line' id='line_1_30' title="bbox 105 3227 1246 3306; baseline 0.006 -21"><span class='ocrx_word' id='word_1_244' title='bbox 105 3243 209 3288; x_wconf 90' lang='lat' dir='ltr'><strong>versus</strong></span> <span class='ocrx_word' id='word_1_245' title='bbox 236 3227 294 3289; x_wconf 79' lang='lat' dir='ltr'><strong>toa</strong></span> <span class='ocrx_word' id='word_1_246' title='bbox 322 3228 449 3290; x_wconf 90' lang='lat' dir='ltr'><strong>lectione</strong></span> <span class='ocrx_word' id='word_1_247' title='bbox 481 3245 542 3289; x_wconf 94' lang='lat' dir='ltr'><strong>non</strong></span> <span class='ocrx_word' id='word_1_248' title='bbox 571 3227 730 3289; x_wconf 90' lang='lat' dir='ltr'><strong>admodum</strong></span> <span class='ocrx_word' id='word_1_249' title='bbox 760 3238 898 3291; x_wconf 86' lang='lat' dir='ltr'><strong>constare</strong></span> <span class='ocrx_word' id='word_1_250' title='bbox 922 3231 1036 3291; x_wconf 88' lang='lat' dir='ltr'><strong>dicetur</strong></span> <span class='ocrx_word' id='word_1_251' title='bbox 1058 3231 1162 3306; x_wconf 84' lang='lat' dir='ltr'><strong>infra)3</strong></span> <span class='ocrx_word' id='word_1_252' title='bbox 1196 3249 1246 3292; x_wconf 92' lang='lat' dir='ltr'><strong>ac·</strong></span> 
     </span>
     <span class='ocr_line' id='line_1_31' title="bbox 105 3324 1245 3409; baseline 0.003 -24"><span class='ocrx_word' id='word_1_253' title='bbox 105 3324 183 3385; x_wconf 87' lang='lat' dir='ltr'><strong>cedit</strong></span> <span class='ocrx_word' id='word_1_254' title='bbox 202 3326 290 3387; x_wconf 90' lang='lat' dir='ltr'><strong>etiam</strong></span> <span class='ocrx_word' id='word_1_255' title='bbox 314 3328 393 3407; x_wconf 93' lang='lat' dir='ltr'><strong>quod</strong></span> <span class='ocrx_word' id='word_1_256' title='bbox 427 3326 520 3388; x_wconf 91' lang='lat' dir='ltr'><strong>semel</strong></span> <span class='ocrx_word' id='word_1_257' title='bbox 554 3325 618 3387; x_wconf 91' lang='lat' dir='ltr'><strong>sine</strong></span> <span class='ocrx_word' id='word_1_258' title='bbox 645 3327 704 3387; x_wconf 92' lang='lat' dir='ltr'><strong>ulla</strong></span> <span class='ocrx_word' id='word_1_259' title='bbox 738 3328 855 3389; x_wconf 89' lang='lat' dir='ltr'><strong>ratione</strong></span> <span class='ocrx_word' id='word_1_260' title='bbox 882 3329 1001 3391; x_wconf 89' lang='lat' dir='ltr'><strong>inicitur</strong></span> <span class='ocrx_word' id='word_1_261' title='bbox 1023 3333 1091 3409; x_wconf 81' lang='lat' dir='ltr'><strong>quin</strong></span> <span class='ocrx_word' id='word_1_262' title='bbox 1114 3349 1139 3389; x_wconf 89' lang='lat' dir='ltr'><strong>v.</strong></span> <span class='ocrx_word' id='word_1_263' title='bbox 1166 3330 1245 3391; x_wconf 85' lang='lat'>113:</span> 
     </span>
     <span class='ocr_line' id='line_1_32' title="bbox 106 3423 1244 3507; baseline 0.004 -23"><span class='ocrx_word' id='word_1_264' title='bbox 106 3423 185 3496; x_wconf 82' lang='lat' dir='ltr'><strong>Quin</strong></span> <span class='ocrx_word' id='word_1_265' title='bbox 208 3426 292 3486; x_wconf 81' lang='lat' dir='ltr'><strong>luade</strong></span> <span class='ocrx_word' id='word_1_266' title='bbox 313 3429 431 3506; x_wconf 76' lang='lat' dir='ltr'><strong>insa‘pnis</strong></span> <span class='ocrx_word' id='word_1_267' title='bbox 453 3425 560 3488; x_wconf 85' lang='lat' dir='ltr'><strong>candoe</strong></span> <span class='ocrx_word' id='word_1_268' title='bbox 582 3425 764 3498; x_wconf 76' lang='lat' dir='ltr'><strong>aestuantes,</strong></span> <span class='ocrx_word' id='word_1_269' title='bbox 795 3428 887 3501; x_wconf 88' lang='lat' dir='ltr'><strong>male,·</strong></span> <span class='ocrx_word' id='word_1_270' title='bbox 910 3434 999 3507; x_wconf 86' lang='lat' dir='ltr'><strong>atque¹</strong></span> <span class='ocrx_word' id='word_1_271' title='bbox 1022 3427 1103 3488; x_wconf 87' lang='lat' dir='ltr'><strong>locus</strong></span> <span class='ocrx_word' id='word_1_272' title='bbox 1127 3437 1171 3489; x_wconf 90' lang='lat' dir='ltr'><strong>est</strong></span> <span class='ocrx_word' id='word_1_273' title='bbox 1192 3426 1244 3490; x_wconf 93' lang='lat' dir='ltr'><strong>ubi</strong></span> 
     </span>
     <span class='ocr_line' id='line_1_33' title="bbox 104 3521 806 3604; baseline 0.004 -21"><span class='ocrx_word' id='word_1_274' title='bbox 104 3521 200 3604; x_wconf 90' lang='lat' dir='ltr'><strong>aptius</strong></span> <span class='ocrx_word' id='word_1_275' title='bbox 223 3523 294 3601; x_wconf 96' lang='lat' dir='ltr'><strong>poni</strong></span> <span class='ocrx_word' id='word_1_276' title='bbox 316 3523 461 3602; x_wconf 84' lang='lat' dir='ltr'><strong>potuerit3</strong></span> <span class='ocrx_word' id='word_1_277' title='bbox 484 3523 583 3584; x_wconf 86' lang='lat' dir='ltr'><strong>editur</strong></span> <span class='ocrx_word' id='word_1_278' title='bbox 605 3524 685 3585; x_wconf 87' lang='lat' dir='ltr'><strong>enim</strong></span> <span class='ocrx_word' id='word_1_279' title='bbox 707 3545 731 3586; x_wconf 87' lang='lat' dir='ltr'><strong>v.</strong></span> <span class='ocrx_word' id='word_1_280' title='bbox 752 3525 806 3586; x_wconf 84' lang='lat'><strong>75:</strong></span> 
     </span>
    </p>
   </div>
   <div class='ocr_carea' id='block_1_3' title="bbox 225 3661 1145 3844">
    <p class='ocr_par' dir='ltr' id='par_1_4' title="bbox 225 3661 1145 3844">
     <span class='ocr_line' id='line_1_34' title="bbox 226 3661 1145 3745; baseline 0.004 -24"><span class='ocrx_word' id='word_1_281' title='bbox 226 3661 307 3733; x_wconf 87' lang='lat' dir='ltr'><strong>Quae</strong></span> <span class='ocrx_word' id='word_1_282' title='bbox 328 3662 391 3723; x_wconf 92' lang='lat' dir='ltr'><strong>laus</strong></span> <span class='ocrx_word' id='word_1_283' title='bbox 412 3662 506 3741; x_wconf 92' lang='lat' dir='ltr'><strong>prima</strong></span> <span class='ocrx_word' id='word_1_284' title='bbox 530 3681 637 3725; x_wconf 90' lang='lat' dir='ltr'><strong>canum</strong></span> <span class='ocrx_word' id='word_1_285' title='bbox 662 3663 770 3744; x_wconf 89' lang='lat' dir='ltr'><strong>quibus</strong></span> <span class='ocrx_word' id='word_1_286' title='bbox 794 3674 839 3727; x_wconf 92' lang='lat' dir='ltr'><strong>est</strong></span> <span class='ocrx_word' id='word_1_287' title='bbox 861 3665 981 3727; x_wconf 91' lang='lat' dir='ltr'><strong>audacia</strong></span> <span class='ocrx_word' id='word_1_288' title='bbox 1003 3684 1145 3745; x_wconf 89' lang='lat' dir='ltr'><strong>praeceps</strong></span> 
     </span>
     <span class='ocr_line' id='line_1_35' title="bbox 225 3759 974 3844; baseline 0.008 -26"><span class='ocrx_word' id='word_1_289' title='bbox 225 3759 416 3837; x_wconf 85' lang='lat' dir='ltr'><strong>Venandique</strong></span> <span class='ocrx_word' id='word_1_290' title='bbox 439 3778 526 3839; x_wconf 88' lang='lat' dir='ltr'><strong>sagax</strong></span> <span class='ocrx_word' id='word_1_291' title='bbox 549 3761 641 3823; x_wconf 86' lang='lat' dir='ltr'><strong>virtus</strong></span> <span class='ocrx_word' id='word_1_292' title='bbox 664 3764 799 3844; x_wconf 83' lang='lat' dir='ltr'><strong>viresque</strong></span> <span class='ocrx_word' id='word_1_293' title='bbox 821 3764 974 3843; x_wconf 86' lang='lat' dir='ltr'><strong>sequendi.</strong></span> 
     </span>
    </p>
   </div>
   <div class='ocr_carea' id='block_1_4' title="bbox 102 3912 1246 4492">
    <p class='ocr_par' dir='ltr' id='par_1_5' title="bbox 102 3912 1246 4492">
     <span class='ocr_line' id='line_1_36' title="bbox 103 3912 1246 4000; baseline 0.005 -23"><span class='ocrx_word' id='word_1_294' title='bbox 103 3917 230 3977; x_wconf 90' lang='lat' dir='ltr'><strong>Prorsus</strong></span> <span class='ocrx_word' id='word_1_295' title='bbox 258 3915 315 3975; x_wconf 88' lang='lat' dir='ltr'><strong>hoo</strong></span> <span class='ocrx_word' id='word_1_296' title='bbox 337 3912 516 3988; x_wconf 91' lang='lat' dir='ltr'><strong>absurdum,</strong></span> <span class='ocrx_word' id='word_1_297' title='bbox 545 3918 603 3979; x_wconf 89' lang='lat' dir='ltr'><strong>nisi</strong></span> <span class='ocrx_word' id='word_1_298' title='bbox 628 3939 698 3999; x_wconf 81' lang='lat' dir='ltr'><strong>qnae</strong></span> <span class='ocrx_word' id='word_1_299' title='bbox 720 3921 929 4000; x_wconf 90' lang='lat' dir='ltr'><strong>interrogantis</strong></span> <span class='ocrx_word' id='word_1_300' title='bbox 952 3940 1018 3982; x_wconf 89' lang='lat' dir='ltr'><strong>esse</strong></span> <span class='ocrx_word' id='word_1_301' title='bbox 1040 3927 1166 3995; x_wconf 90' lang='lat' dir='ltr'><strong>statues;</strong></span> <span class='ocrx_word' id='word_1_302' title='bbox 1194 3922 1246 3983; x_wconf 89' lang='lat' dir='ltr'><strong>sed</strong></span> 
     </span>
     <span class='ocr_line' id='line_1_37' title="bbox 105 4013 1244 4100; baseline 0.005 -25"><span class='ocrx_word' id='word_1_303' title='bbox 105 4014 215 4075; x_wconf 92' lang='lat' dir='ltr'><strong>mirum</strong></span> <span class='ocrx_word' id='word_1_304' title='bbox 230 4013 325 4075; x_wconf 88' lang='lat' dir='ltr'><strong>etiam</strong></span> <span class='ocrx_word' id='word_1_305' title='bbox 346 4021 418 4074; x_wconf 92' lang='lat' dir='ltr'><strong>tunc</strong></span> <span class='ocrx_word' id='word_1_306' title='bbox 442 4013 515 4088; x_wconf 85' lang='lat' dir='ltr'><strong>erit3</strong></span> <span class='ocrx_word' id='word_1_307' title='bbox 537 4014 661 4095; x_wconf 91' lang='lat' dir='ltr'><strong>insuper</strong></span> <span class='ocrx_word' id='word_1_308' title='bbox 683 4019 812 4081; x_wconf 81' lang='lat' dir='ltr'><strong>offendet</strong></span> <span class='ocrx_word' id='word_1_309' title='bbox 838 4020 938 4100; x_wconf 76' lang='lat' dir='ltr'><strong>qualus</strong></span> <span class='ocrx_word' id='word_1_310' title='bbox 959 4030 1008 4091; x_wconf 88' lang='lat' dir='ltr'><strong>est,</strong></span> <span class='ocrx_word' id='word_1_311' title='bbox 1031 4039 1098 4082; x_wconf 86' lang='lat' dir='ltr'><strong>oum</strong></span> <span class='ocrx_word' id='word_1_312' title='bbox 1122 4039 1244 4100; x_wconf 86' lang='lat' dir='ltr'><strong>exspec-</strong></span> 
     </span>
     <span class='ocr_line' id='line_1_38' title="bbox 103 4112 1244 4197; baseline 0.004 -23"><span class='ocrx_word' id='word_1_313' title='bbox 103 4120 196 4174; x_wconf 89' lang='lat' dir='ltr'><strong>tetur:</strong></span> <span class='ocrx_word' id='word_1_314' title='bbox 225 4116 328 4188; x_wconf 87' lang='lat' dir='ltr'><strong>„Quae</strong></span> <span class='ocrx_word' id='word_1_315' title='bbox 350 4112 414 4174; x_wconf 88' lang='lat' dir='ltr'><strong>laus</strong></span> <span class='ocrx_word' id='word_1_316' title='bbox 436 4112 530 4192; x_wconf 91' lang='lat' dir='ltr'><strong>prima</strong></span> <span class='ocrx_word' id='word_1_317' title='bbox 559 4131 667 4175; x_wconf 91' lang='lat' dir='ltr'><strong>canum</strong></span> <span class='ocrx_word' id='word_1_318' title='bbox 690 4113 758 4178; x_wconf 79' lang='lat' dir='ltr'><strong>est?</strong></span> <span class='ocrx_word' id='word_1_319' title='bbox 787 4117 939 4178; x_wconf 81' lang='lat' dir='ltr'><strong>Animine</strong></span> <span class='ocrx_word' id='word_1_320' title='bbox 963 4118 1081 4179; x_wconf 91' lang='lat' dir='ltr'><strong>audacia</strong></span> <span class='ocrx_word' id='word_1_321' title='bbox 1103 4136 1244 4197; x_wconf 89' lang='lat' dir='ltr'><strong>praeceps</strong></span> 
     </span>
     <span class='ocr_line' id='line_1_39' title="bbox 105 4208 1245 4294; baseline 0.005 -24"><span class='ocrx_word' id='word_1_322' title='bbox 105 4210 270 4272; x_wconf 88' lang='lat' dir='ltr'><strong>venandine</strong></span> <span class='ocrx_word' id='word_1_323' title='bbox 294 4230 318 4271; x_wconf 89' lang='lat' dir='ltr'><strong>s.</strong></span> <span class='ocrx_word' id='word_1_324' title='bbox 336 4215 382 4272; x_wconf 86' lang='lat' dir='ltr'><strong>v.“</strong></span> <span class='ocrx_word' id='word_1_325' title='bbox 405 4208 490 4291; x_wconf 76' lang='lat' dir='ltr'><strong>eqs?</strong></span> <span class='ocrx_word' id='word_1_326' title='bbox 532 4212 670 4273; x_wconf 87' lang='lat' dir='ltr'><strong>Traditur</strong></span> <span class='ocrx_word' id='word_1_327' title='bbox 692 4217 757 4293; x_wconf 80' lang='lat' dir='ltr'><strong>qui;</strong></span> <span class='ocrx_word' id='word_1_328' title='bbox 790 4215 933 4294; x_wconf 89' lang='lat' dir='ltr'><strong>scriptum</strong></span> <span class='ocrx_word' id='word_1_329' title='bbox 967 4215 1036 4276; x_wconf 83' lang='lat' dir='ltr'><strong>luit:</strong></span> <span class='ocrx_word' id='word_1_330' title='bbox 1072 4216 1148 4288; x_wconf 77' lang='lat' dir='ltr'><strong>Quin</strong></span> <span class='ocrx_word' id='word_1_331' title='bbox 1182 4216 1245 4277; x_wconf 79' lang='lat' dir='ltr'><strong>lates</strong></span> 
     </span>
     <span class='ocr_line' id='line_1_40' title="bbox 102 4310 1242 4393; baseline 0.004 -23"><span class='ocrx_word' id='word_1_332' title='bbox 102 4313 200 4389; x_wconf 82' lang='lat' dir='ltr'><strong>prima</strong></span> <span class='ocrx_word' id='word_1_333' title='bbox 222 4327 334 4382; x_wconf 85' lang='lat' dir='ltr'><strong>conum,</strong></span> <span class='ocrx_word' id='word_1_334' title='bbox 356 4310 414 4371; x_wconf 91' lang='lat' dir='ltr'><strong>hoo</strong></span> <span class='ocrx_word' id='word_1_335' title='bbox 435 4319 495 4372; x_wconf 91' lang='lat' dir='ltr'><strong>est:</strong></span> <span class='ocrx_word' id='word_1_336' title='bbox 523 4311 711 4384; x_wconf 87' lang='lat' dir='ltr'><strong>Quinetiam</strong></span> <span class='ocrx_word' id='word_1_337' title='bbox 734 4313 800 4393; x_wconf 90' lang='lat' dir='ltr'><strong>plus</strong></span> <span class='ocrx_word' id='word_1_338' title='bbox 823 4314 907 4393; x_wconf 90' lang='lat' dir='ltr'><strong>equis</strong></span> <span class='ocrx_word' id='word_1_339' title='bbox 930 4332 1017 4375; x_wconf 88' lang='lat' dir='ltr'><strong>canes</strong></span> <span class='ocrx_word' id='word_1_340' title='bbox 1041 4314 1147 4374; x_wconf 89' lang='lat' dir='ltr'><strong>valent.</strong></span> <span class='ocrx_word' id='word_1_341' title='bbox 1182 4315 1242 4375; x_wconf 93' lang='lat' dir='ltr'><strong>lam</strong></span> 
     </span>
     <span class='ocr_line' id='line_1_41' title="bbox 106 4407 1243 4492; baseline 0.008 -25"><span class='ocrx_word' id='word_1_342' title='bbox 106 4424 175 4468; x_wconf 86' lang='lat' dir='ltr'><strong>vero</strong></span> <span class='ocrx_word' id='word_1_343' title='bbox 198 4407 233 4468; x_wconf 90' lang='lat' dir='ltr'><strong>ad</strong></span> <span class='ocrx_word' id='word_1_344' title='bbox 256 4408 403 4486; x_wconf 87' lang='lat' dir='ltr'><strong>catalogos</strong></span> <span class='ocrx_word' id='word_1_345' title='bbox 436 4416 471 4471; x_wconf 89' lang='lat' dir='ltr'><strong>ut</strong></span> <span class='ocrx_word' id='word_1_346' title='bbox 496 4416 695 4484; x_wconf 86' lang='lat' dir='ltr'><strong>revertamur,</strong></span> <span class='ocrx_word' id='word_1_347' title='bbox 730 4410 851 4473; x_wconf 84' lang='lat' dir='ltr'><strong>Ovidius</strong></span> <span class='ocrx_word' id='word_1_348' title='bbox 885 4411 948 4492; x_wconf 90' lang='lat' dir='ltr'><strong>ipse</strong></span> <span class='ocrx_word' id='word_1_349' title='bbox 982 4411 1103 4474; x_wconf 91' lang='lat' dir='ltr'><strong>nomina</strong></span> <span class='ocrx_word' id='word_1_350' title='bbox 1137 4431 1243 4476; x_wconf 89' lang='lat' dir='ltr'><strong>canum</strong></span> 
     </span>
    </p>
   </div>
   <div class='ocr_carea' id='block_1_5' title="bbox 0 0 1488 5010">
    <p class='ocr_par' dir='ltr' id='par_1_6' title="bbox 0 0 1488 5010">
     <span class='ocr_line' id='line_1_42' title="bbox 0 0 1488 5010; baseline 0 0"><span class='ocrx_word' id='word_1_351' title='bbox 0 0 1488 5010; x_wconf 95' lang='lat' dir='ltr'><strong> </strong></span> 
     </span>
    </p>
   </div>
  </div>
 </body>
</html>
