2962 5010
623 228 842 292 ..80-

164 405 195 466 id
216 405 295 484 quod
310 403 445 466 Thuanei
465 403 557 484 magis
578 403 648 466 libri
667 406 725 467 lide
748 404 853 466 nititur
868 404 920 482 qui
939 403 1041 465 habet:
1067 406 1095 464 si
1107 404 1185 482 [orte
1204 401 1315 483 olipc‘s

165 505 232 564 dom
251 514 378 583 proumu
399 515 461 564 reto
475 523 537 583 eqs.
580 503 676 583 Atque
701 504 830 584 aliquam
856 502 918 562 reri
946 502 1077 581 speciem
1106 503 1139 563 in
1169 502 1216 563 his
1246 521 1314 565 csse

165 603 190 663 si
213 603 279 681 quis
301 603 451 681 agnoverit
475 603 609 681 ignoscet
637 602 716 681 quod
744 620 798 662 nos
827 620 946 681 quoque
974 603 1006 660 in
1035 602 1091 662 ista
1121 602 1193 662 olim
1222 601 1314 662 verba

165 703 337 762 iuravimus.
370 702 465 774 Quem
481 720 581 762 meum
597 719 729 763 errorem
750 701 817 781 quia
838 717 877 760 ne
892 699 1027 779 Zingerle
1047 699 1166 780 quidem
1182 699 1315 760 correxit

166 801 312 878 corrigere
334 800 393 860 iam
416 800 491 861 mihi
512 800 570 879 ipsi
591 799 779 862 concedatur.

251 899 288 959 m
328 898 459 977 primum
497 906 596 978 captat
629 900 656 959 is
687 898 749 958 reri
783 895 1056 959 dissimilitudinem
1091 896 1143 974 qui
1175 897 1313 958 1111111111

166 997 327 1076 scripturas
356 996 636 1058 Vindobonemibus
666 995 830 1074 auteponit
885 993 996 1055 Taedet
1025 995 1106 1055 enim
1135 1013 1315 1056 enumerare

167 1095 234 1155 vitia
249 1114 323 1174 quae
338 1095 387 1155 ille
401 1095 489 1156 habet
508 1096 616 1156 horum
637 1094 760 1155 similia:
786 1093 905 1154 lltmoro
929 1095 1031 1154 11111111
1055 1091 1108 1153 uhi
1127 1093 1211 1154 Vind.
1231 1104 1315 1155 recte

167 1196 205 1256 m
230 1211 329 1254 morsu
351 1197 446 1266 contu
469 1211 549 1255 omos
566 1203 658 1273 portet
680 1196 824 1271 coptiuom
845 1195 934 1253 muers
957 1190 1006 1252 ubi
1021 1190 1108 1252 Vind.
1123 1200 1220 1252 recte:
1243 1196 1315 1252 orri-

169 1310 231 1353 mos
248 1296 332 1371 pouit
357 1296 468 1372 captivo
493 1296 628 1364 minoem·
659 1295 768 1352 maiore
787 1309 894 1370 parrum
915 1289 968 1351 uhi
981 1288 1068 1351 vind.
1087 1299 1182 1352 recte:
1216 1294 1313 1352 maior

168 1409 313 1470 equorum.
358 1391 467 1452 Contra
487 1390 722 1452 Viudoboneusis
742 1408 892 1468 nusquam
912 1389 1039 1450 vincitur
1057 1408 1074 1449 a
1093 1388 1228 1449 Parisino
1255 1388 1315 1450 nisi

169 1489 200 1549 in
220 1489 308 1551 rebus
327 1489 495 1561 levissimis,
517 1489 694 1569 plerumque
714 1488 958 1568 orthographicis,
978 1496 1014 1548 ut
1031 1490 1129 1566 saepiu
1146 1485 1237 1548 hahet
1256 1506 1316 1566 pro

169 1589 261 1667 sepio,
294 1589 411 1649 caecidit
441 1606 496 1668 pro
523 1589 633 1658 cecidi,
666 1592 817 1668 mrperoer't
844 1605 899 1666 pro
925 1589 1101 1665 irrepetrom‘t,
1136 1584 1316 1646 mecummet

170 1704 224 1766 pro
250 1687 448 1758 creberrume,
481 1691 598 1767 empsitir
622 1706 678 1766 pro
704 1690 851 1766 expositos,
885 1686 930 1746 Aac
950 1686 1009 1764 fuit
1035 1684 1116 1746 (irat,
1131 1702 1159 1744 v.
1178 1684 1239 1744 104
1260 1681 1317 1743 ubi

169 1784 263 1845 Paris.
289 1796 339 1846 out
361 1787 420 1864 fuit
447 1787 499 1847 sed
530 1796 542 1846 t
568 1785 647 1847 linea
676 1787 811 1857 traiecto,
837 1788 965 1864 occoepit
985 1800 1040 1864 pro
1062 1786 1179 1862 occepi,
1207 1800 1318 1860 mogrto

170 1903 241 1963 quoe
262 1903 317 1963 pro
339 1903 506 1964 magnoque,
529 1885 658 1964 denique
680 1889 790 1946 vinem
811 1883 863 1944 sul
887 1882 1008 1944 111113
1030 1881 1082 1943 ubi
1100 1881 1192 1942 Paris
1217 1883 1316 1941 vimen

169 1983 222 2044 sud
255 2001 323 2044 cum
356 1983 512 2062 legendum
546 1983 585 2043 sit
613 1986 707 2043 vomu
738 1982 797 2044 sed.
845 1982 964 2044 decedit
995 1981 1079 2042 locus
1112 1979 1163 2041 uhi
1194 1988 1317 2059 praeter

172 2082 275 2142 calami
299 2099 430 2142 errorem
457 2080 579 2143 vindob.
605 2081 677 2141 item
705 2099 722 2140 a
747 2100 817 2143 vero
843 2080 965 2160 propior
994 2097 1060 2140 esse
1096 2096 1186 2158 quam
1214 2077 1316 2137 Paras.

171 2178 289 2239 ridetur
319 2178 400 2240 Grat.
426 2177 481 2239 34:
513 2178 639 2258 Optuma
666 2177 837 2258 Cinyphiam
866 2198 935 2242 nam
964 2177 1132 2240 Parisinus:
1149 2173 1321 2260 'Optumoet‘

171 2277 319 2356 regrupdie,
343 2275 595 2338 Vindobonemis:
622 2287 742 2357 optumo
763 2277 941 2358 ticmypltr'oe.
983 2275 1136 2338 Difficilior
1158 2274 1242 2335 locus
1269 2281 1317 2333 est

172 2374 253 2436 Grati
267 2395 294 2435 r.
311 2373 351 2435 69
362 2393 427 2454 sqq.
443 2374 494 2455 qui
516 2379 557 2437 ita
578 2374 640 2437 lere
662 2375 695 2436 in
715 2375 816 2437 Vind:

271 2535 339 2615 lpse
362 2536 435 2597 deus
457 2537 612 2615 cultorque
633 2535 688 2597 feri
710 2536 881 2615 Tirynthius
903 2534 995 2608 orbis,

273 2636 369 2708 Quem
393 2653 473 2697 mare
496 2654 586 2715 quem
607 2635 697 2696 tellus
720 2653 809 2714 quem
830 2653 971 2715 praeceps
992 2634 1081 2695 ianua
1102 2630 1179 2693 Ditis

274 2731 380 2794 Omnia
402 2741 601 2812 temptantem
625 2751 682 2812 qua
704 2733 767 2794 laus
790 2741 853 2794 erat
875 2734 960 2795 obvia
982 2731 1094 2812 *passi

272 2829 350 2891 Hinc
371 2831 461 2893 decus
484 2838 515 2891 et
535 2831 631 2892 famae
653 2831 784 2911 primum
806 2832 974 2912 impetrarit
995 2832 1151 2892 honorem.

174 3002 228 3062 llic
253 3021 306 3083 pro
329 3008 410 3082 possi
431 3005 464 3065 in
489 3004 581 3064 Paris.
607 3012 653 3065 est
674 2970 725 3084 pie
746 3009 779 3066 sr’.
824 3005 1056 3084 Suhposuerunt
1087 3004 1135 3066 alii
1160 3003 1317 3083 ineptiora,

174 3100 321 3181 Hauptius
340 3122 428 3182 passo
449 3113 503 3176 est;
525 3121 587 3164 nou
608 3104 679 3167 satis
699 3111 795 3174 certo,
815 3104 907 3165 immo
927 3105 1017 3179 falso;
1044 3122 1110 3164 esse
1131 3103 1213 3165 euim
1228 3108 1317 3181 poeta

175 3200 324 3261 semideos
353 3202 470 3263 volebat
499 3201 647 3282 exempla,
677 3222 783 3282 quam
812 3221 938 3281 magna
968 3202 1132 3264 mercede
1161 3201 1202 3262 illi
1231 3200 1318 3260 silvas

175 3298 347 3378 impulerint
362 3300 410 3375 (ci.
426 3299 491 3379 65),
517 3300 557 3360 ita
584 3309 619 3361 ut
636 3299 793 3361 Herculem
814 3301 937 3361 omnino
956 3307 1161 3381 exspectemus
1180 3297 1319 3359 laboran-

175 3404 253 3456 tem:
276 3394 390 3469 „Qucm
406 3416 495 3469 more,
519 3417 601 3478 qums
623 3399 721 3472 tellus,
744 3417 827 3479 prtem
844 3417 983 3479 praeceps
1006 3403 1097 3461 tumeo
1118 3397 1193 3460 Ditis
1215 3397 1321 3457 Omitto

175 3503 356 3572 temptantem
379 3515 436 3575 quo
457 3495 522 3557 lom
535 3507 598 3557 erat
620 3497 704 3558 oleru
717 3497 846 3576 pressit*
868 3497 1009 3577 pcrgique
1023 3497 1170 3559 rideatur:
1188 3495 1271 3565 Hinc,
1285 3501 1321 3554 ut

177 3591 230 3652 sit:
250 3609 312 3654 uon
326 3592 386 3654 nisi
400 3595 470 3656 hinc
486 3597 585 3674 samoe
604 3597 767 3674 impetravit
781 3595 925 3656 horrorem.
941 3631 978 3639 —
998 3597 1083 3658 Unus
1098 3596 1182 3657 locus
1202 3600 1249 3654 est
1268 3591 1320 3655 uhi

176 3699 277 3768 aperte
306 3691 428 3752 meliora
456 3692 560 3772 legisse
590 3692 743 3754 ridebatur
769 3692 904 3754 Thuanei
933 3693 1085 3769 librarius3
1117 3694 1170 3754 sed
1199 3699 1321 3752 econtra

178 3788 394 3867 neglegentiam
414 3789 463 3850 ille
483 3789 585 3869 prodit
605 3791 812 3870 interpretum.
850 3791 1011 3872 Praecepta
1032 3793 1070 3853 de
1091 3790 1166 3853 cassi
1185 3788 1320 3851 facienda

178 3885 265 3964 ponit
286 3886 404 3948 Gratius
418 3905 445 3948 v.
462 3885 503 3946 25
515 3906 597 3968 sqq.:

279 4047 377 4108 Prima
397 4047 504 4110 iubent
523 4048 609 4110 tenui
631 4055 805 4111 nascentem
827 4048 951 4130 iungere
971 4049 1021 4111 tuo

279 4146 416 4207 Limbum
440 4156 470 4208 et
491 4147 688 4228 quadmplicis
710 4156 862 4210 tormento
884 4148 1064 4225 adstringere
1086 4148 1209 4210 limhos:

279 4244 329 4306 llla
352 4264 477 4325 operum
500 4247 627 4326 patiens,
648 4247 697 4308 illa
719 4266 792 4308 usus
812 4247 889 4308 linea
910 4245 1000 4324 longi.

280 4344 366 4406 Tunc
380 4345 479 4426 ipsum
495 4346 593 4409 medio
608 4364 721 4409 cassem
743 4345 796 4424 qui
817 4345 950 4408 nascitur
971 4362 1023 4408 ore
