2962 5010
615 341 673 363 -.
710 308 771 371 177
817 338 928 354 -’

168 483 295 545 occurrit
316 483 397 544 inter
419 482 580 544 medicinas
596 477 680 555 Plini,
696 485 773 564 apud
788 483 997 554 Xenocratem,
1019 486 1097 564 apud
1113 485 1310 560 Athenaeum,

166 581 236 642 item
252 581 430 661 Hesychius:
454 578 638 662 βάκχος...
663 579 695 644 οἳ
718 580 755 644 δὲ
777 581 884 664 φανὸν
898 579 1065 658 λέγουσιν,
1089 579 1122 646 oi
1145 582 1183 646 dd
1199 581 1309 662 ἰχθύν.

167 679 260 743 Porro
289 696 427 742 curvus
455 698 556 742 rarum
587 696 698 743 nomen
727 680 805 741 idem
833 691 923 760 atque
945 689 1118 760 κορακῖνος
1141 701 1207 744 esse
1230 682 1310 743 credi

167 778 243 838 solat
276 777 577 857 habetquecolorem
605 779 683 840 corvi
708 779 826 858 nigrum
855 778 974 857 (Athen.
994 799 1024 860 p.
1041 780 1102 842 308
1115 780 1147 840 Ε.
1183 779 1308 860 Oppian.

166 873 285 950 irase
312 877 422 939 mirum
444 885 546 938 tamen
568 885 614 939 est
636 878 713 940 hanc
735 876 959 958 explicationem
983 878 1112 940 nominis
1135 878 1251 958 neglegi
1273 877 1310 938 ah

167 973 318 1036 Athenaeo
333 994 362 1055 p.
378 974 440 1036 309
452 980 486 1036 Α.
517 976 680 1056 Hesychius
696 984 869 1058 κορακῖνον
891 995 914 1036 s.
931 997 958 1037 v.
975 976 1144 1060 σαπέρδης
1166 978 1309 1044 nominat,

167 1081 297 1134 ceterum
314 1073 403 1135 habet
417 1068 518 1157 κόραξ
533 1121 540 1134 .
554 1120 561 1136 .
575 1120 583 1136 .
599 1075 654 1136 καὶ
679 1074 778 1152 ἰχθὺς
800 1071 916 1148 nutrica
938 1083 1026 1155 atque
1041 1075 1120 1155 quod
1145 1075 1181 1137 de
1204 1076 1308 1136 eodem

167 1169 300 1251 Diphilus
323 1173 393 1234 dicit
415 1174 493 1252 apud
516 1173 622 1235 htheu.
638 1193 667 1253 p.
685 1172 781 1234 3561
805 1174 860 1236 καὶ
889 1169 908 1236 ὁ
935 1170 1037 1256 κόραξ
1060 1170 1188 1256 ἱέρακος
1210 1171 1310 1255 σκλη-

167 1266 297 1352 ρότερος
320 1272 433 1351 optime
455 1273 512 1334 hoc
533 1273 670 1352 congruit
692 1291 759 1333 cum
783 1271 867 1335 Celso
891 1274 942 1353 qui
965 1292 1086 1336 corvum
1115 1273 1204 1335 habet
1230 1273 1310 1334 inter

167 1368 261 1449 pisces
282 1370 372 1431 duros
388 1371 414 1432 ll
431 1370 479 1432 18.

251 1467 375 1530 Gravior
401 1469 527 1531 fortasse
554 1468 704 1549 aliquanto
731 1471 921 1548 congruentia
945 1471 1025 1532 haec.
1070 1471 1105 1531 ln
1129 1485 1209 1530 nouo
1231 1469 1310 1530 Plini

166 1565 242 1628 libro
264 1567 354 1648 piscis
378 1577 561 1631 memoratur
584 1587 673 1630 zeus
702 1568 745 1628 vel
771 1568 873 1630 faber
895 1574 926 1644 (ξ
948 1568 1017 1643 68);
1045 1576 1133 1648 atque
1155 1567 1237 1630 labor
1259 1568 1309 1648 qui

165 1680 250 1727 rarus
284 1675 405 1729 vocatur
436 1668 467 1728 in
491 1667 720 1728 Halieuticorum
744 1667 875 1727 carmine
901 1667 978 1728 idem
1002 1667 1040 1728 sit
1062 1676 1152 1746 atque
1173 1662 1309 1744 χαλκεὺς

167 1763 307 1826 Athenaei
321 1784 350 1845 p.
368 1763 429 1825 318
445 1773 474 1826 et
489 1765 639 1845 Oppianil
656 1763 725 1836 133,
741 1783 809 1826 zeus
824 1783 894 1826 vero
910 1765 997 1826 etiam
1014 1765 1109 1825 rarius
1125 1781 1235 1824 numen
1251 1772 1309 1834 est;

166 1860 223 1922 iem
247 1862 278 1923 in
300 1862 430 1940 catalogo
452 1870 556 1924 nostro
579 1863 746 1925 invenimus
769 1863 868 1942 potius
891 1882 959 1925 zoes
980 1863 1025 1923 vel
1047 1863 1078 1923 in
1101 1861 1311 1942 bambergensi

141 1964 240 2026 soc,
283 1978 358 2039 quae
394 1960 529 2021 firmatur
564 1981 579 2021 a
617 1961 777 2022 Columella
813 1961 959 2040 scriptura
999 1960 1146 2040 siquidem
1190 1960 1310 2039 scripsit

166 2058 300 2119 istavili
318 2058 366 2131 16,
382 2058 416 2118 9:
450 2070 482 2118 ut
503 2059 633 2120 Alootico
659 2060 744 2138 suber
771 2063 821 2138 qui
841 2070 867 2120 et
888 2064 919 2121 io
941 2066 1039 2120 nostru
1064 2058 1188 2120 Gadium
1209 2063 1309 2118 muni-

166 2159 238 2237 cipio
250 2159 471 2236 qenerusissimis
483 2157 607 2236 piscihus
622 2158 833 2218 adnumeratur
854 2177 971 2238 eumque
990 2161 1088 2237 prisca
1108 2159 1309 2218 coneorodioe

166 2273 269 2315 zucam
290 2253 348 2334 (vel
370 2255 486 2334 sudrim)
509 2256 664 2336 appellant.
709 2256 884 2335 Hesychius:
920 2254 1022 2329 ζαιός·
1055 2254 1144 2328 εἶδος
1179 2252 1309 2333 ἰχθύος.

167 2353 309 2433 Sequitur
329 2363 363 2416 ut
384 2354 510 2416 Pliniani
533 2359 596 2416 zois
617 2373 762 2416 numerus
786 2375 848 2417 nun
870 2357 989 2436 pluralis
1012 2357 1052 2417 sit
1073 2365 1212 2436 recteque
1231 2355 1310 2416 Silli-

165 2451 232 2531 gius
256 2450 369 2514 dederit
389 2453 475 2533 soher
502 2457 560 2514 siue
587 2471 675 2514 zoeus
696 2471 784 2532 quem
814 2471 973 2515 urimerum
1007 2455 1186 2532 singularem
1221 2454 1308 2515 etiam

166 2550 430 2612 accomodatiorem
464 2561 524 2613 tam
558 2569 625 2612 raro
653 2551 725 2631 pisci
754 2552 889 2613 dixerim.
934 2551 967 2611 ln
990 2568 1071 2614 nono
1099 2559 1200 2612 autem
1232 2552 1309 2612 libro

165 2667 236 2710 aeus
256 2651 342 2729 plane
365 2670 381 2712 a
403 2650 523 2712 librario
545 2651 732 2730 suppositum
757 2659 803 2711 est
824 2668 879 2730 pro
900 2668 999 2712 zuene.

251 2747 430 2808 Rarissimus
452 2748 524 2809 item
547 2747 596 2810 ille
618 2748 722 2828 quiin
745 2750 875 2828 catalogo
899 2749 1007 2811 dicitur
1027 2747 1180 2811 lamirus
1203 2749 1310 2829 (prima

167 2862 258 2908 manu
280 2846 311 2907 in
334 2846 397 2907 cod.
415 2848 451 2907 B:
486 2847 646 2923 lemurust3
679 2848 804 2908 eandem
838 2846 1016 2926 scripturam
1038 2846 1198 2909 Halieutica
1220 2848 1311 2909 latina

165 2943 309 3023 praebent
324 2945 444 3007 lamirus
459 2945 670 3007 terminatione
683 2965 796 3025 graeca,
818 2943 870 3006 ubi
892 2944 1023 3024 lumprus
1036 2944 1171 3006 licentiae
1187 2943 1311 3006 Gesneri

166 3041 300 3104 debetur.
337 3044 434 3124 Atque
456 3044 493 3105 de
516 3044 638 3105 numine
659 3044 724 3124 ipso
746 3043 872 3105 diximus
888 3063 916 3123 p.
937 3043 1005 3103 116.
1043 3043 1157 3104 Eodem
1179 3045 1311 3105 carmine

167 3149 197 3202 et
228 3141 260 3202 in
293 3142 392 3203 arenis
426 3142 532 3221 degere
565 3142 689 3204 lamirus
715 3142 813 3204 fertur
835 3151 865 3203 et
886 3142 1007 3204 smaridi
1029 3141 1235 3222 similibusque
1258 3143 1311 3204 ad-

167 3240 314 3319 iungitur3
337 3240 483 3302 similibus
507 3240 674 3316 (trachurus
697 3241 776 3303 enim
801 3241 832 3302 in
855 3241 952 3302 arenis
975 3241 1081 3320 degere
1104 3240 1212 3302 dicitur
1234 3241 1309 3321 Opp.

167 3336 249 3417 199)
264 3335 401 3419 λάριμος
417 3338 586 3418 adiungitur
602 3339 678 3418 apud
696 3338 866 3418 Oppianum
882 3339 921 3400 lll
937 3338 1017 3412 3993
1039 3338 1137 3418 itaque
1152 3339 1310 3418 pisciculus

167 3435 325 3517 utrobique
348 3437 426 3497 idem
451 3445 480 3497 et
502 3455 582 3498 unus
610 3437 664 3497 dici
688 3448 768 3498 recte
799 3437 878 3500 visus
901 3444 952 3498 est.
997 3437 1063 3510 Quo
1093 3436 1181 3500 etiam
1212 3439 1311 3500 minus

166 3533 281 3596 abicere
304 3536 406 3596 deceat
432 3535 589 3596 lectionem
611 3535 794 3616 Oppianeam
818 3532 957 3617 λάριμος
991 3535 1131 3598 omnibus
1164 3538 1311 3599 firmatam

127 3628 131 3637 '
168 3633 373 3712 manuscriptis
389 3633 438 3709 (cl.
454 3633 546 3694 schol.
562 3635 598 3695 ad
613 3633 646 3713 l.)
664 3643 782 3713 praeter
798 3651 892 3695 unum
908 3633 1000 3694 Paris.
1016 3633 1029 3692 l
1044 3632 1095 3694 ubi
1110 3643 1155 3695 est
1175 3632 1312 3715 λαρικόν

167 3732 227 3811 (γρ.
244 3728 408 3812 lepreon.
446 3729 541 3791 Simul
563 3730 690 3792 formam
713 3725 846 3812 λάρικος
867 3731 992 3811 Hesychi
1014 3731 1172 3793 auctoritas
1195 3742 1309 3794 tuetur:

166 3824 316 3909 λαρινος·
351 3825 451 3905 ἰχθύς
472 3825 580 3901 ποιός.
625 3829 727 3910 ltaque
760 3837 790 3891 et
822 3826 960 3910 λαρινόν
982 3828 1084 3890 Graeci
1117 3837 1146 3891 ct
1169 3827 1311 3911 λάριμον

168 3928 310 4003 vocabant
341 3927 525 4005 alterumque
554 3927 632 4006 apud
655 3927 806 3988 Romanos
829 3927 922 4004 magis
951 3926 985 3986 in
1018 3922 1160 4007 λάριροα
1181 3927 1310 3989 abiehat.

167 4024 361 4105 Coniungitur
382 4024 472 4105 piscis
494 4024 571 4103 apud
595 4024 762 4105 Oppianum
778 4025 797 4086 l.
812 4025 831 4086 l.
847 4043 914 4087 cum
938 4023 1117 4085 chalcidibus
1140 4033 1171 4086 et
1193 4025 1310 4089 thrissis

167 4133 197 4185 et
223 4124 368 4185 trachuris
396 4123 476 4202 iique
509 4139 615 4183 omues
637 4122 808 4184 catervatim
831 4131 973 4199 vagantur
996 4121 1118 4200 capique
1142 4125 1311 4185 catervatim

166 4222 322 4297 videntur3
353 4222 425 4283 hinc
458 4222 611 4300 parvulum
646 4222 756 4299 piscem
790 4221 884 4281 luisse
916 4219 1076 4297 colligitur3
1110 4222 1227 4299 parvula
1264 4222 1311 4282 ni·

168 4321 276 4388 mirum
310 4320 418 4382 chalcis
442 4336 560 4400 quoque
593 4328 622 4380 et
656 4338 722 4380 eum
757 4335 862 4379 masna
894 4317 1050 4379 coniuncta
1073 4317 1311 4396 (heliani118);

167 4418 246 4479 idem
269 4419 325 4479 luit
347 4437 401 4479 cur
423 4420 512 4480 etiam
534 4418 612 4497 apud
630 4417 766 4479 Ovidium
779 4418 893 4478 ‘laisum
917 4434 974 4477 una
997 4427 1183 4497 ponerentur
1205 4437 1310 4481 maeno

219 4518 307 4568 Birt,
326 4517 356 4561 dc
370 4517 513 4561 halieuticis.
802 4514 804 4519 ⁴
1119 4519 1152 4573 12
