2962 5010
624 272 865 335 -106-

172 450 316 511 demittere
333 449 464 509 umbram
485 448 525 508 itu
548 447 659 510 dictum
676 455 770 509 estut
791 449 905 510 laudem
929 449 1058 528 aliquam
1082 457 1209 512 mereret
1231 459 1323 529 poeta

172 548 298 609 multum
306 547 392 609 nobis
401 546 572 624 obiurgatus
581 548 691 628 quippe
703 556 771 627 apte
784 549 831 608 ille
842 548 974 609 imitatus
987 548 1180 626 geometricos
1189 548 1322 621 „lineam

171 647 380 708 demittentes“
395 646 520 724 (Vitruvi
531 646 570 706 lll
583 647 611 719 5,
624 646 667 725 5).
697 646 851 725 loquendi
868 666 940 708 usus
961 647 1155 727 scriptoribus
1178 667 1321 709 commu·

170 745 217 806 nis
234 745 283 805 hic
297 744 376 823 quod
392 744 555 823 gaudent
577 745 715 824 aquatilia
730 746 833 824 pelago
849 747 892 807 vel
914 747 1107 808 laetantur
1127 765 1216 808 arena
1239 749 1321 827 apud

170 845 292 904 latinum
317 843 480 918 (luctentur
502 843 581 904 enim
604 862 631 903 v.
660 843 717 904 118
740 851 821 905 recte
850 844 990 906 scribitur
1012 863 1065 922 pro
1093 845 1230 924 eoquod
1255 855 1322 907 tra-

170 943 250 1004 ditur
279 942 435 1014 ίοκοιιίαν,
463 942 545 1003 velut
566 935 593 1000 1.’
619 941 679 1002 116
700 945 850 1002 nociturus
883 941 956 1003 abiit
981 941 1013 1002 in
1039 945 1210 1019 uomiturus)
1240 944 1322 1006 sieut

169 1037 326 1118 γάνυνται
349 1042 423 1120 Opp.
444 1041 457 1101 l
480 1038 551 1114 383,
584 1041 762 1121 τέρπονται
783 1041 904 1101 111415
928 1049 1017 1120 atque
1051 1041 1157 1103 similia
1189 1044 1322 1123 passim3

170 1149 303 1203 ceterum
330 1141 387 1202 iam
415 1140 587 1201 Aristoteles
609 1160 634 1200 e.
658 1158 685 1218 g.
709 1142 819 1222 χαίρει
849 1137 887 1201 δὲ
918 1137 1093 1223 πρόςκειος
1121 1136 1168 1203 ὤν
1196 1142 1320 1220 (Athen.

169 1259 197 1320 p.
215 1240 276 1300 315
292 1240 337 1316 A).
361 1239 404 1301 lta
427 1238 505 1319 quod
523 1257 577 1319 pro
603 1256 707 1299 maena
729 1239 837 1317 legitur
849 1258 940 1319 percus
954 1257 1073 1301 maenae
1090 1240 1142 1301 Or.
1161 1241 1231 1314 120,
1254 1259 1318 1302 non

169 1339 254 1400 aliter
276 1337 407 1418 loquitur
429 1337 590 1417 Oppianus,
614 1357 640 1398 e.
656 1356 684 1415 g.
705 1356 729 1396 v.
750 1338 763 1398 l
786 1337 844 1397 174
867 1346 898 1399 et
923 1338 980 1398 171
1006 1347 1036 1398 et
1060 1338 1130 1411 183,
1156 1337 1232 1412 184,
1255 1357 1318 1400 non

170 1437 254 1497 aliter
276 1435 442 1497 Numenius
475 1435 507 1496 in
540 1436 705 1516 fragmento
740 1435 819 1515 quod
848 1435 1053 1497 exhibebimus
1074 1436 1161 1497 XVll.
1205 1437 1319 1499 Nobilis

168 1535 257 1614 piscis
279 1536 320 1597 ibi
343 1536 425 1598 audit
439 1534 505 1614 (Or.
525 1534 597 1611 134)
620 1534 671 1595 ubi
695 1537 822 1596 inarime
838 1543 986 1597 moratur:
1008 1536 1059 1598 tali
1082 1536 1232 1598 locutione
1254 1536 1316 1598 ianr

168 1651 241 1695 usus
257 1635 465 1696 Archestratus
481 1641 526 1695 est
552 1631 622 1695 ἔστι
638 1632 675 1695 δὲ
697 1631 811 1706 κεδνὸς
834 1629 894 1697 κάν
917 1635 1065 1718 πορθμῷ
1081 1636 1187 1697 Athen.
1204 1635 1317 1711 314n3

168 1730 264 1814 κεδνὴ
287 1730 402 1794 δὲκαὶ
424 1727 505 1814 αὐτή
526 1732 618 1793 32οΑ
639 1731 775 1810 (32511),
804 1732 888 1793 κατὰ
910 1731 1066 1796 Χαλκίδα
1085 1731 1202 1816 κεδνήν
1222 1733 1316 1796 288Β

168 1831 305 1912 (3301),
328 1831 488 1906 13131111,
510 1831 551 1893 ita
573 1852 597 1892 e.
615 1850 642 1910 g.
660 1831 772 1893 Plinius
796 1849 916 1911 quoque
931 1831 971 1892 lX
986 1832 1044 1908 60,
1067 1832 1221 1912 Oppianus
1243 1853 1316 1895 rero

168 1931 339 1994 huiusmodi
361 1930 503 1993 stationes
532 1931 631 1992 minus
666 1931 788 1993 curavit.
833 1930 1100 1993 Praeolerissimam
1136 1950 1203 1994 vero
1237 1932 1316 1996 hanc

167 2049 303 2111 propono
327 2029 463 2090 Ovidium
486 2029 566 2091 inter
589 2037 619 2091 et
641 2028 810 2109 Oppianum
833 2029 1068 2091 similitudinem.
1106 2032 1208 2111 Ipsum
1232 2033 1314 2095 enim

167 2132 198 2192 in
221 2150 246 2191 1.
263 2128 304 2191 92
326 2126 495 2210 χωρισμὸν
517 2136 563 2190 tot
583 2129 631 2190 ille
654 2147 687 2190 ae
709 2128 817 2190 talibus
840 2129 936 2191 uerbis
959 2139 1130 2212 praeparat:

267 2240 471 2321 Oisoripsit
494 2242 579 2302 sedes
602 2241 680 2303 rarie
701 2249 806 2304 natura
829 2243 969 2322 profundi

267 2340 292 2400 N
302 2358 339 2401 ec
361 2347 513 2402 cunctos
535 2358 605 2402 una
627 2340 721 2403 voluit
743 2341 960 2404 consistere
982 2342 1095 2421 pisces3

268 2439 353 2501 llam
376 2441 506 2518 gaudent
529 2459 590 2520 eqs.

167 2568 263 2630 verbis
292 2569 416 2631 totidem
451 2569 624 2650 eisdemque
657 2571 720 2631 fere
751 2570 830 2632 idem
865 2571 1036 2650 adgreditur
1069 2590 1191 2653 graecus
1225 2580 1313 2654 poeta

166 2667 307 2748 193sq.:

260 2779 416 2864 Ἰχθύσι
442 2781 503 2866 μὲν
528 2778 623 2866 γενεή
648 2806 683 2845 τε
709 2780 764 2845 καὶ
788 2778 877 2866 ἤθεα
903 2783 959 2846 καὶ
984 2781 1113 2867 πόρος
1139 2779 1270 2868 ἅλμης

267 2877 468 2966 κέκριται,
491 2877 583 2944 οὐδέ
607 2905 645 2944 ιι
669 2883 774 2944 πᾶσι
794 2881 918 2965 νομαὶ
940 2879 1140 2947 νεπόδεσσιν
1163 2876 1312 2965 ὁμοίαν.

268 2979 300 3045 οἱ
326 2980 387 3066 μὲν
413 2979 486 3065 γὰρ
509 3002 568 3061 eqs.

166 3115 305 3176 Versibus
323 3129 395 3175 usus
410 3122 535 3193 uterque
550 3112 685 3190 duobus3
707 3114 822 3194 primus
844 3114 965 3195 utrique
987 3133 1093 3176 sensns
1116 3114 1312 3176 affirmativus

165 3215 299 3295 ponitur,
334 3214 440 3274 deinde
473 3231 525 3292 per
560 3213 749 3293 negationem
783 3215 903 3294 utrique
925 3214 1080 3275 fortiorem
1103 3232 1208 3275 sensus
1231 3214 1312 3275 idem

165 3317 304 3389 iteratur;
332 3313 441 3375 deinde
463 3314 564 3375 rocula
588 3322 714 3393 uterque
737 3315 783 3375 vel
804 3332 874 3375 uam
897 3314 940 3373 rel
964 3312 1026 3394 γὰρ
1049 3314 1226 3375 divisionem
1249 3314 1312 3392 pis-

166 3413 245 3474 cium
267 3412 409 3475 adnectit.
446 3413 507 3472 lam
523 3429 625 3473 nonne
642 3413 693 3473 uni
709 3413 814 3491 cuique
829 3431 845 3472 e
860 3411 992 3472 tenebris
1008 3413 1091 3491 quasi
1113 3419 1143 3472 et
1166 3410 1311 3472 oblivione

166 3518 298 3590 emerget
313 3511 461 3572 halieutici
477 3510 600 3572 alicuius
617 3510 684 3572 libri
707 3511 806 3588 imago
821 3511 872 3589 qui
893 3512 917 3571 si
941 3510 1091 3572 minusad
1113 3509 1309 3572 imitationem

165 3611 216 3672 sed
240 3610 275 3671 ad
298 3609 528 3670 aemulationem
550 3616 651 3669 tamen
674 3615 777 3688 poetas
800 3607 993 3671 excitaverit?

250 3708 346 3786 Atque
367 3707 427 3769 iam
450 3708 481 3767 in
504 3707 602 3786 ipsum
619 3706 801 3786 profundum
825 3717 855 3768 et
877 3708 912 3768 ad
928 3707 1055 3787 piscium
1077 3707 1163 3768 sedes
1186 3707 1310 3768 deseen-

165 3808 278 3868 damus.
324 3805 453 3867 Plurima
476 3805 597 3866 nomina
621 3804 742 3867 Ovidius
766 3805 822 3866 sub
845 3806 967 3885 pelagi
996 3805 1093 3867 indice
1115 3805 1222 3884 posuit.
1266 3806 1310 3867 Ad

165 3925 240 3986 quos
262 3905 391 3985 pelagios
415 3904 566 3984 pertinere
590 3906 717 3965 maxime
747 3905 768 3966 ii
798 3905 937 3966 videntur
959 3905 1010 3985 qui
1032 3905 1063 3964 in
1086 3905 1149 3984 ipso
1173 3905 1233 3966 alto
1257 3905 1311 3966 de-

164 4012 243 4084 gant,
268 4003 319 4083 qui
341 4003 512 4065 scribuntur
526 4004 603 4084 apud
620 4003 786 4084 Oppianum
803 4005 814 4064 l
834 4001 908 4078 179,
930 4013 1020 4083 atque
1042 4005 1171 4083 thynnos
1197 4003 1309 4082 gladios

164 4102 308 4184 hippuros
331 4120 406 4182 quos
428 4101 477 4162 hic
498 4101 651 4183 Oppianus
673 4103 776 4164 scribit
799 4102 920 4163 Ovidius
949 4120 1070 4182 quoque
1098 4101 1215 4173 scribit,
1248 4118 1309 4162 non

164 4202 267 4264 scribit
289 4197 462 4284 πρηνοὶδας
483 4203 617 4282 κυβείας
639 4199 753 4273 κολίας
774 4197 937 4272 σκυτάλας
963 4195 1126 4282 ὀρκύνους.
1161 4201 1222 4262 lam
1245 4219 1308 4262 me·

166 4301 308 4363 morabile
330 4301 387 4362 hoo
402 4300 536 4370 dixerim,
559 4300 640 4380 quod
657 4297 768 4380 ξιφίαι
783 4299 861 4378 apud
885 4297 1010 4359 alterum
1033 4306 1179 4360 uocantur
1200 4296 1308 4381 φεροί-

165 4421 272 4481 νομοι,
306 4399 384 4478 apud
416 4399 542 4460 alterum
568 4399 633 4477 ipsa
656 4398 750 4477 graeei
773 4397 902 4459 nominis
925 4397 1080 4476 explicatio
1103 4398 1231 4460 arbritor
1251 4402 1309 4461 totu
