2962 5010
629 316 848 382 ..59-

168 498 291 570 ῑκτῖνος
312 495 419 575 (media
442 493 548 574 syllaba
572 494 661 555 huius
694 493 824 554 nominis
846 492 944 554 brevis
970 493 1048 571 apud
1070 493 1176 554 Pbilen
1201 494 1306 573 Propr.

168 599 221 658 An.
235 596 319 674 688).
358 593 500 672 Sequitur
522 599 621 653 autem
640 592 830 653 Lachmanno
853 592 917 671 ipso
942 590 1062 652 iubente
1077 609 1174 671 neque
1189 591 1305 653 iniussu

167 713 256 755 sanae
272 692 394 756 rationis
416 701 450 753 ut
464 691 624 752 Halientica
640 708 703 751 non
724 698 793 752 ante
808 690 974 751 Phaedrum
991 689 1184 768 Persiumque
1199 688 1308 769 scripta

168 811 233 854 esse
255 790 476 852 contendamus.

252 888 458 950 subnotentur
487 887 639 967 paneade
665 888 814 967 anaphora
844 886 955 966 poetica
984 885 1132 965 siquidem
1159 886 1191 946 in
1220 905 1307 946 versu

63 995 67 1001 '
171 988 228 1048 105
252 987 344 1067 qualis
368 986 494 1047 traditur
519 985 641 1065 leopos
661 1003 816 1065 corpusque
836 986 910 1046 notis
932 987 1048 1064 incipitis
1071 984 1174 1046 etalio
1197 983 1307 1063 aliqua-

168 1094 254 1146 tenus
278 1085 455 1146 offendimur
478 1084 565 1145 etiam
587 1102 658 1144 voce
681 1094 714 1146 et.
758 1083 867 1144 Contra
890 1102 956 1144 cum
982 1102 1014 1145 ea
1032 1101 1117 1163 quam
1143 1099 1198 1144 nos
1221 1083 1307 1143 resti-

167 1183 280 1245 tuimus
301 1183 448 1244 sermonis
471 1182 565 1243 forma
587 1183 758 1245 conferatur
780 1201 804 1242 e.
822 1199 849 1260 g.
865 1181 971 1260 Vergili
994 1187 1066 1242 Aen.
1082 1181 1120 1241 Xl
1136 1181 1213 1242 641:

267 1295 534 1374 Ingentemque
557 1295 672 1368 animis,
694 1294 883 1375 ingentem
907 1312 1031 1374 corpore
1052 1303 1081 1356 et
1104 1295 1193 1355 armis

268 1394 361 1454 Deicit
381 1393 583 1467 Herminium;

168 1511 198 1571 in
233 1510 339 1590 quibus
369 1511 517 1588 anaphora
551 1515 622 1570 tota,
646 1527 716 1570 voce
754 1527 806 1590 quc
845 1509 882 1570 ad
921 1510 1123 1571 antecedentia
1157 1509 1307 1587 adligatur.

167 1608 342 1689 Anapborae
365 1617 463 1669 autem
485 1608 543 1668 lroo
565 1626 717 1668 summum
742 1627 850 1669 munus
872 1615 930 1681 cst,
952 1614 986 1668 ut
1009 1608 1218 1689 particularum
1242 1625 1309 1686 gra-

168 1707 238 1768 tiam
262 1706 398 1786 scriptori
418 1705 513 1767 faciat.
559 1704 644 1777 Quod
672 1713 702 1766 et
729 1724 781 1786 per
808 1725 840 1766 se
869 1713 950 1785 patet
977 1713 1007 1766 et
1033 1706 1208 1786 perpulchre
1232 1725 1257 1765 e.
1281 1724 1309 1783 g.

169 1805 310 1867 Ovidiano
333 1806 398 1866 loco
421 1803 488 1866 Met.
510 1803 578 1863 Xlll
598 1802 659 1864 355
672 1823 736 1883 sqq.
758 1803 971 1865 illustrabitur:

586 1969 590 1976 ·
614 1937 761 2009 peteret
783 1929 964 1991 moderatior
985 1930 1057 1991 Aiax

267 2027 505 2107 Eurypilusque
528 2027 611 2090 ferox
634 2028 789 2108 claroque
810 2027 1015 2091 Andraemone
1038 2037 1125 2091 natus

268 2127 337 2187 lVec
359 2125 483 2188 minus
504 2126 683 2187 Idomeneus
705 2125 874 2206 patriaque
898 2135 1014 2189 oreatus
1036 2127 1140 2189 eadem

268 2224 424 2299 Meriones,
447 2233 594 2303 peteret
616 2224 734 2285 maioris
755 2222 847 2286 frater
869 2225 997 2286 Atridae.

169 2353 271 2432 ltaque
293 2348 433 2430 praeclari
457 2367 559 2411 versus
581 2347 735 2426 Vergiliani
760 2349 946 2428 Propertiani
968 2350 1125 2413 Tibulliani
1147 2350 1287 2411 aliorum:
1396 2413 1399 2418 ,

267 2447 441 2528 Regalisque
462 2465 583 2508 accensa
606 2465 715 2520 comas,
738 2465 860 2510 accensa
884 2450 1024 2511 corona‘m

269 2545 294 2606 0
317 2544 395 2606 dulci
416 2545 541 2606 iocunda
563 2545 635 2618 viro,
659 2545 786 2607 iocunda
808 2548 924 2626 parenti

268 2644 374 2706 Lectos
398 2643 489 2704 Caere
511 2642 601 2717 viros,
623 2645 715 2706 lectos
738 2645 867 2706 Cortona
888 2645 1008 2725 superbi

269 2744 394 2804 Centum
417 2760 492 2821 quae
514 2741 610 2815 silvas,
633 2749 755 2804 centum
778 2762 853 2823 quae
875 2743 996 2806 flumina
1019 2753 1139 2806 servant

268 2840 364 2919 lllagni
387 2859 473 2920 saepe
496 2840 593 2913 duces,
618 2842 717 2920 magni
740 2843 872 2903 cecidere
894 2843 1011 2923 tyranni

270 2938 416 3001 Omnibus
439 2939 470 2999 in
491 2938 611 3018 templis
634 2947 762 3001 matrum
785 2941 902 3014 chorus,
925 2939 1063 3002 omnibus
1086 2959 1153 3002 arae

270 3037 358 3098 Lecto
381 3044 411 3097 te
433 3037 540 3110 solum,
563 3037 640 3098 lecto
662 3044 691 3098 te
715 3037 859 3116 deprecor
881 3057 942 3099 uno

268 3134 366 3196 Prima
389 3134 463 3213 petit
485 3151 547 3194 non
570 3134 616 3195 illa
639 3134 744 3205 virum,
767 3154 828 3197 non
852 3136 900 3196 illa
923 3136 1025 3215 pericli

270 3233 304 3294 lli
326 3232 414 3312 patrii
436 3240 551 3294 servate
573 3233 706 3306 domum,
729 3241 841 3294 servate
863 3241 1003 3314 nepotem

270 3330 414 3392 Mirantur
437 3331 513 3392 dona
537 3330 660 3404 Aeneae,
685 3331 832 3393 mirantur
853 3331 948 3393 lulum

270 3429 372 3490 Audiit
393 3437 423 3489 et
444 3428 557 3492 Triviae
578 3429 665 3507 longe
686 3430 775 3503 lacus,
799 3428 892 3491 audiit
914 3428 1011 3490 omnis

272 3527 336 3588 Noli
357 3525 516 3598 nobilibus,
540 3527 600 3588 noli
623 3527 758 3589 conferre
779 3527 873 3590 beatis

270 3624 348 3686 Luce
371 3643 452 3687 sacra
475 3626 639 3704 requiescat
662 3628 783 3701 humus,
806 3625 972 3707 requiescat
994 3632 1093 3687 arator

271 3722 306 3783 lli
327 3723 424 3801 patrii,
447 3742 609 3803 purgamus
633 3742 730 3804 agros,
752 3742 914 3804 purgamus
938 3732 1068 3803 agrestes

272 3819 350 3880 llaec
372 3827 460 3880 urant
482 3839 600 3900 pueros,
622 3822 695 3884 haee
717 3829 805 3884 urant
826 3822 935 3902 scripta
958 3821 1069 3901 puellas

272 3914 426 3977 Vobiscum
451 3925 497 3978 est
518 3919 595 3997 lopo,
620 3920 770 3982 vobiscum
792 3929 838 3981 est
859 3920 981 3981 candida
1004 3919 1081 4000 Tyro

271 4014 400 4075 Verbera
422 4022 494 4076 sunt
515 4025 669 4096 praecepta
690 4018 786 4097 fugae,
809 4029 881 4080 sunt
902 4018 1022 4080 verbera
1044 4017 1120 4078 lreni

272 4112 333 4175 lam
355 4112 432 4174 redit
455 4122 484 4175 et
505 4113 596 4193 virgo,
619 4114 747 4175 redeunt
769 4116 904 4179 Saturnia
927 4135 1018 4196 regua

274 4210 360 4272 Venit
382 4219 413 4272 et
434 4212 534 4292 upilio,
557 4213 633 4275 tardi
655 4230 764 4274 venere
785 4213 905 4274 bubulci

175 4327 263 4400 atque
284 4321 370 4383 Ovidi
391 4323 499 4403 ipsius:

275 4418 341 4491 Quo
363 4439 504 4502 properas
525 4421 638 4502 ingrata
661 4421 739 4499 viris,
762 4421 876 4502 ingrata
897 4420 1002 4502 puellis
