2962 5010
639 256 1002 318 -100--.

186 428 347 514 κόσμησις
372 430 499 508 ’γίνεται
525 429 581 493 καὶ
607 427 792 493 τελειοῦται
816 432 865 504 (cf.
887 431 1004 503 llrischi
1025 431 1161 510 pellet),
1192 431 1335 498 admonet

186 532 258 592 deus
273 532 381 610 datque
396 550 492 607 arma3
517 532 568 592 sed
592 551 663 593 num
680 537 759 592 recte
781 531 975 610 accepisse
998 532 1092 610 legem
1117 532 1175 593 dici
1197 533 1335 610 potuerit

185 629 298 691 dubito.
332 631 384 691 Est
407 631 495 691 etiam
518 630 564 691 len
588 630 631 690 vis
654 629 751 691 divina
774 630 818 690 vel
834 649 888 708 pre
905 631 968 709 ipso
985 631 1040 692 deo
1056 629 1106 708 (ef.
1121 631 1160 690 de
1176 651 1207 690 ea
1226 631 1333 693 Zelleri

183 746 258 807 llist.
271 747 345 807 Phil.
362 729 419 807 lll1
434 766 463 826 p.
482 746 542 806 126
566 746 627 807 adn.
646 747 678 825 2)
694 754 783 826 atque
795 745 901 825 ipsum
920 747 1003 825 quasi
1027 747 1156 807 medium
1174 765 1228 826 per
1250 748 1333 825 quod

183 845 298 924 singula
335 847 467 927 luppiter
504 847 612 926 quihus
650 864 731 919 „non
770 846 873 905 adest“
912 847 1027 920 (Senec.
1056 846 1119 906 Nat
1148 846 1253 919 (lull
1274 846 1332 922 46)

182 945 352 1007 adornanda
376 964 478 1008 curare
501 945 643 1007 videatur.
688 944 744 1005 Sed
773 944 863 1005 hahet
891 945 1080 1023 continetque
1110 946 1200 1024 magis
1232 945 1330 1023 legem

183 1044 314 1106 mundus
337 1063 424 1124 quam
449 1045 570 1124 aceepit.
615 1043 693 1115 Quin
716 1038 735 1124 ἡ
760 1040 842 1115 Διὸς
866 1039 1024 1124 βούλησις
1045 1053 1079 1104 ut
1100 1051 1199 1122 partes
1222 1045 1331 1104 mundi

181 1150 321 1221 procurat
348 1144 387 1204 ita
417 1151 517 1204 tamen
541 1142 634 1221 legem
659 1143 728 1203 dare
752 1160 812 1201 nen
835 1151 933 1221 potest
955 1142 1012 1202 nisi
1035 1142 1091 1203 sihi
1122 1143 1188 1221 ipsi.
1235 1143 1331 1222 Chry-

181 1241 284 1321 sippus
300 1241 336 1302 de
351 1240 464 1301 mundo
481 1241 557 1320 apud
574 1241 764 1301 Plutarchum
782 1259 889 1300 comm.
909 1248 967 1301 not.
982 1260 1009 1320 p.
1026 1241 1119 1300 1077:
1145 1239 1232 1317 λέγει
1249 1243 1331 1318 γοῦν

182 1336 386 1420 Χρύσιππος
423 1334 566 1402 ἐοικέναι
601 1340 647 1424 uqi
682 1336 742 1420 μὲν
771 1333 943 1422 ἀνθρώπῳ
979 1338 1036 1401 τόν
1066 1342 1135 1401 Δία
1169 1339 1238 1400 καὶ
1269 1337 1330 1401 τὸν

181 1433 314 1520 κόσμον,
348 1439 388 1525 τῇ
422 1437 458 1500 δὲ
491 1439 582 1527 ψυχῇ
615 1438 673 1520 τήν
699 1436 879 1518 eporeiam
913 1458 1091 1518 quamquam
1126 1439 1196 1518 sangi
1229 1447 1329 1518 potest

180 1538 323 1618 scripturn
346 1538 439 1600 fuisse
462 1539 652 1600 concinnius:
676 1540 722 1622 τῷ
748 1537 809 1619 μὲν
835 1533 1006 1620 ἀνθρώπῳ
1035 1537 1091 1599 καὶ
1121 1538 1166 1622 τῷ
1196 1536 1327 1618 σώματι

178 1637 236 1700 τοῦ
263 1631 446 1720 ἀνθρώπου
472 1635 529 1701 τὸν
552 1640 621 1699 Δία
647 1636 702 1698 καὶ
729 1636 786 1700 τὸν
813 1633 1012 1718 adcpoveqs.
1051 1637 1148 1698 Possis
1172 1638 1328 1700 continere

179 1736 381 1797 dubitationes
404 1739 482 1817 quod
506 1737 642 1816 ambigua
666 1755 785 1817 semper
807 1756 863 1797 vox
886 1737 923 1796 sit
947 1737 1076 1796 mundus
1094 1735 1326 1816 mortaliumque

177 1852 277 1895 rerum
296 1837 467 1914 complexus
483 1835 567 1896 facile
582 1835 670 1896 simul
687 1835 839 1914 cogitetur.
872 1834 983 1894 'lamen
1001 1843 1122 1894 strenue
1137 1833 1235 1912 agenti
1252 1835 1324 1914 quid

177 1933 274 2012 aptius
302 1935 430 2017 scrihere
452 1935 582 2014 potuerit
609 1942 696 2014 poeta
724 1935 947 2014 quaeritandum
965 1934 1029 1994 erit.
1067 1934 1169 2014 ltaque
1194 1933 1224 1992 in
1247 1935 1325 1995 hane

177 2032 318 2093 rariorem
362 2034 520 2093 lectionem
555 2033 720 2112 producor:
769 2032 913 2112 Praecepit
944 2033 1068 2093 animatus
1105 2032 1209 2111 leoena:
1247 2033 1326 2095 dedit

177 2149 262 2191 orme
285 2148 338 2209 per
364 2148 458 2192 omues
491 2131 697 2210 Admonuitque
732 2135 792 2203 sui3
826 2132 865 2192 ita
899 2141 931 2192 ut
965 2150 1026 2191 non
1056 2131 1162 2193 abolita
1197 2133 1236 2192 sit
1264 2133 1321 2192 nisi

175 2229 268 2307 prima
286 2229 424 2289 carminis
439 2228 536 2289 littera
553 2229 721 2298 maiuscula,
739 2230 818 2291 velut
830 2230 948 2291 Anthel.
965 2231 1012 2290 lat.
1027 2230 1103 2290 Ries.
1118 2228 1189 2300 787,
1203 2230 1220 2290 3
1238 2232 1321 2291 Pari-

175 2327 258 2387 sinus
274 2327 347 2388 liher
362 2327 501 2388 Accedunt
517 2327 597 2389 testes
612 2346 667 2407 pre
683 2328 842 2390 Producant
857 2339 951 2404 testes;
973 2329 1050 2390 haud
1064 2329 1246 2390 dissimiliter
1258 2330 1321 2390 Hal.

175 2445 201 2486 v.
218 2423 258 2484 33
275 2445 310 2486 ex
325 2426 412 2487 desid
429 2425 560 2487 eruimus
575 2423 701 2488 Pressas.
741 2427 803 2488 Nec
818 2444 886 2487 vero
899 2425 982 2499 ¹hene
1001 2427 1048 2489 uhi
1065 2426 1152 2488 datur
1168 2427 1319 2507 accipitur.

260 2525 357 2605 Atque
379 2525 437 2584 hoc
459 2542 496 2585 ne
519 2525 629 2586 frustra
642 2526 808 2605 postulasse
831 2544 879 2585 me
901 2524 1046 2604 increpes,
1069 2523 1147 2585 idem
1173 2543 1319 2605 expresse,

174 2631 263 2703 atque
285 2623 363 2703 apud
387 2623 559 2684 Ciceronem
583 2624 777 2705 Chrysippus,
811 2624 969 2686 consilium
997 2623 1060 2684 vide
1083 2644 1171 2703 quam
1195 2625 1321 2686 fideliter

173 2730 292 2783 secutus
314 2729 400 2801 poeta
423 2722 475 2792 sit,
510 2721 594 2783 euius
617 2722 688 2783 haee
714 2742 830 2784 summa
854 2730 912 2784 est:
948 2720 1069 2798 Tantum
1097 2725 1222 2802 inpetunt
1252 2724 1320 2783 uni-

172 2821 317 2882 muutidus
354 2819 544 2883 conservandi
577 2824 624 2880 sui
651 2831 758 2883 laetere
787 2823 942 2884 catstede'um
980 2821 1050 2899 (Cic.
1080 2817 1161 2896 124).
1217 2822 1319 2901 ltaque

173 2918 294 2980 Ovidius
317 2920 372 2980 iste
388 2919 463 2981 nihil
477 2921 514 2982 de
533 2919 700 2982 suodedit:
724 2939 792 2982 narn
809 2940 909 2982 versus
926 2917 1013 2981 etiam
1037 2917 1105 2979 inde
1128 2917 1163 2980 ab
1186 2921 1317 2981 secunde

172 3017 211 3093 hi,
235 3018 343 3098 quihus
367 3028 491 3092 „centra
507 3019 564 3080 vim
582 3027 611 3080 et
627 3028 739 3080 metum
756 3020 817 3083 suis
834 3039 867 3082 se
882 3018 973 3082 armis
989 3037 1123 3100 quaeque
1138 3019 1317 3080 defendere“

172 3117 243 3193 (Cic.
263 3119 333 3194 127)
357 3118 534 3181 illustratur:

572 3230 682 3292 vitulus
704 3231 746 3292 sic
767 3249 897 3311 namque
918 3230 1070 3292 minatur

272 3330 329 3401 Qui
350 3329 485 3392 nendum
507 3329 583 3409 gerit
606 3329 637 3390 in
660 3336 762 3390 tenera
785 3330 844 3391 iarn
868 3348 1007 3391 cornua
1031 3331 1137 3407 fronte,

271 3429 320 3490 Sic
343 3429 477 3490 dammae
499 3427 665 3507 fugiunt,
688 3436 823 3507 pugnant
846 3429 954 3489 virtute
976 3429 1105 3489 leones

271 3526 307 3588 Et
331 3545 454 3588 morsu
478 3527 558 3589 canis
581 3534 609 3588 et
632 3526 739 3587 caudae
761 3527 803 3588 sic
824 3528 959 3606 scorpius
982 3528 1042 3588 ictu

270 3627 488 3708 Concussisque
510 3627 580 3688 levis
604 3625 727 3706 pinnis
749 3627 791 3688 sic
814 3628 931 3688 evolat
954 3628 1031 3688 ales

168 3795 229 3857 lere
263 3795 353 3859 verho
387 3807 475 3860 tenus
502 3795 667 3876 Chrysippo
701 3795 863 3870 debentur,
897 3797 1038 3877 quoniam
1061 3794 1162 3858 Cicero
1194 3797 1314 3858 exhibet

166 3897 279 3969 §1272
304 3897 439 3958 conatibus
465 3898 554 3967 tauri,
581 3898 649 3974 apri
673 3895 810 3967 dentibus,
836 3913 936 3958 morse
962 3895 1065 3966 leones,
1093 3895 1153 3956 eliu
1177 3897 1248 3976 supe
1273 3915 1312 3964 se,

166 3995 227 4057 ulie
241 3997 415 4057 occulatione
431 4004 576 4068 tutantem
600 4003 630 4055 et
651 3994 761 4055 iterum
783 3998 801 4068 ὅ
820 3994 895 4055 121;
919 3993 994 4056 oliue
1010 3993 1199 4073 (animantes)
1222 3999 1312 4074 spinis

164 4093 289 4156 hirsutae
312 4092 361 4172 (cf.
387 4093 575 4173 scorpionem
584 4090 631 4173 ?);
655 4093 728 4155 ulios
749 4112 806 4155 esse
832 4093 967 4154 cornibus
993 4103 1131 4163 armatus,
1159 4093 1233 4155 alius
1258 4094 1311 4155 hu-

166 4192 230 4254 dere
256 4193 361 4274 effuoe'u
380 4211 552 4272 polenorum.
584 4192 687 4272 Neque
711 4193 814 4253 dubito
837 4193 910 4272 quin
933 4192 1023 4253 etiam
1047 4211 1204 4254 excursum
1226 4192 1309 4253 illum

166 4311 208 4351 vr.
226 4289 267 4349 le
278 4310 344 4370 sqq.
362 4291 425 4366 (ubi
448 4309 539 4371 aper
560 4292 720 4366 inducitur)
744 4292 908 4371 Chrysippo
930 4298 1015 4369 pocta
1039 4291 1154 4352 debeat.
1201 4290 1310 4352 Scribit

165 4388 264 4451 Cicero
286 4387 390 4467 (123);
413 4391 449 4451 Aa
474 4391 575 4471 quidus
598 4391 690 4452 bestiis
714 4400 778 4453 eret
803 4395 826 4453 t's
847 4391 925 4452 eidus
946 4399 978 4449 ut
1000 4391 1074 4451 alites
1087 4394 1201 4470 pencris
1216 4391 1310 4453 bestiis
