2962 5010
638 322 857 386 ..73...

166 500 250 561 locus
276 501 483 578 grammaticos
510 508 541 561 et
564 501 663 580 ipsum
680 499 815 561 Vossium
843 499 875 559 in
891 498 1124 561 Aristarchoed.
1141 501 1310 562 Foertschl

167 617 196 678 p.
214 597 275 660 508
296 598 441 677 permovit
465 605 497 659 ut
515 599 593 660 inter
614 598 736 678 pluralia
757 605 873 660 tantum
896 597 945 659 ilia
968 605 1123 677 ponerent,
1143 599 1227 660 hillas
1248 617 1310 661 non

166 700 337 777 ponerent).
375 697 502 776 Recepta
517 703 615 758 autem
636 698 690 759 hac
711 697 880 759 coniectura
901 716 967 757 mea
989 697 1047 758 iam
1069 697 1101 758 iu
1122 697 1169 758 illa
1190 717 1310 779 quoque

167 794 291 856 lectione
303 811 383 856 nunc
394 794 482 857 simul
496 794 663 875 recipienda
678 794 826 856 comitello
838 812 969 857 cruorem
981 814 1034 856 cur
1048 796 1178 875 positum
1195 797 1235 857 sit
1248 796 1310 871 illo,

168 893 247 972 quod
264 892 347 954 alitor
361 901 390 954 et
406 893 504 971 ipsum
520 893 591 954 satis
607 894 781 966 abundaret,
795 894 960 972 explicabis.
983 893 1116 974 llenique
1130 911 1244 957 vomere
1260 914 1308 956 ac-

167 989 352 1052 curatissime
366 989 534 1070 Oppianeae
549 991 669 1052 lectioni
683 991 845 1070 respondet
859 987 1039 1074 ἇνήμεσαν,
1056 993 1135 1072 quod
1149 1012 1183 1054 eo
1196 994 1311 1072 gravius

168 1095 212 1149 est
227 1108 286 1167 quo
301 1088 419 1163 falsius3
436 1096 517 1150 certe
530 1089 646 1151 Boeotis
658 1088 758 1170 potius
774 1082 997 1152 ὀπισθοτίλαι
1013 1091 1110 1170 sepiae
1126 1091 1312 1164 videbantur,

167 1189 204 1248 cl.
222 1187 346 1249 Strattiu
366 1188 443 1266 apud
459 1188 644 1250 Athenaeum
660 1207 687 1267 p.
706 1185 817 1262 622n3
837 1187 958 1267 Hesych.
975 1206 999 1249 s.
1015 1207 1058 1264 v.3
1078 1189 1164 1250 Phot.
1182 1189 1253 1261 341,
1274 1188 1310 1250 18

167 1304 346 1366 quamquam
376 1293 573 1347 atramentum
603 1286 634 1347 in
666 1305 717 1348 ore
746 1286 856 1348 habere
885 1287 965 1367 sepia
995 1286 1102 1348 dicitur
1128 1287 1228 1349 Galen.
1255 1287 1309 1348 lex.

168 1384 308 1464 llippocr.
324 1403 353 1464 p.
370 1382 586 1464 52831lesyeh.
605 1403 628 1445 s.
645 1402 670 1444 r.
686 1385 808 1465 μοιτίς.

253 1508 294 1570 lle
320 1509 429 1589 mugile
454 1510 532 1588 apud
560 1508 696 1570 Ovidium
723 1529 748 1571 v.
768 1509 822 1571 38:

266 1608 304 1668 nt
329 1607 444 1686 mugil
470 1608 582 1668 cauda
608 1607 789 1686 pendentem
817 1609 1014 1704 everberat
1040 1627 1162 1669 escam

267 1706 544 1786 Excussamque
569 1704 670 1784 legit.

167 1830 320 1892 Praeclare
349 1832 450 1893 eadem
479 1829 654 1891 Plutarchus
684 1849 712 1909 p.
729 1830 822 1890 977Α
837 1848 900 1910 sq:
930 1826 1093 1902 πολλάκις
1122 1828 1160 1892 δὲ
1189 1828 1245 1891 καὶ
1274 1827 1311 1892 τὸ

167 1925 366 2008 στρογγύλον
395 1923 413 1990 ὁ
442 1926 629 2008 κεστρεύς
658 1923 857 1991 ὑποπτεύων
887 1926 922 1990 ἓν
944 1918 1053 2010 κύκλῳ
1085 1926 1310 2011 περινήχεται,
1361 1971 1367 1985 .

166 2025 215 2108 τῇ
253 2022 354 2106 ούρᾷ
386 2022 704 2108 περιρραπίζων
739 2025 780 2088 τὸ
818 2024 1026 2107 ἐδώδιμον
1057 2025 1125 2086 καὶ
1158 2022 1311 2088 ἀνακά-

167 2143 272 2185 πτων
287 2123 340 2202 (ita
355 2130 434 2204 recte
452 2124 705 2204 Wyttenbachius)
721 2122 763 2186 τὸ
779 2120 1126 2207 ἀποκρουόμενον.
1146 2125 1217 2186 Vide
1233 2125 1311 2186 enim

167 2221 254 2282 etiarn
278 2221 310 2285 iu
328 2223 475 2284 rhetorica
498 2239 531 2283 re
554 2223 750 2284 concordiam.
787 2222 924 2285 Strictius
948 2223 1039 2284 latine
1055 2223 1212 2284 dicendum
1228 2223 1312 2302 plane
1389 2232 1394 2240 '

166 2319 236 2381 luit:
267 2320 408 2382 excutit
438 2339 536 2382 escam
566 2338 780 2400 excussamque
810 2320 889 2400 legit,
920 2321 1045 2401 ideoque
1074 2339 1193 2399 graece:
1224 2318 1313 2383 άπα-

167 2415 293 2499 κρούων
314 2416 352 2480 τό
375 2415 542 2498 ἐδώδιμον
567 2418 622 2480 καὶ
649 2414 851 2481 α’νακάπτων
876 2416 913 2480 τὸ
942 2409 1229 2500 ἀποκρουόμενον;
1259 2420 1315 2480 hoc

167 2516 364 2592 concinnum3
381 2524 409 2578 at
423 2525 548 2598 uterque
563 2517 656 2579 laxius
672 2518 836 2597 loquuntur
858 2525 892 2578 ut
906 2536 955 2579 res
976 2517 1064 2578 uariis
1084 2515 1231 2578 coloribus
1247 2517 1313 2577 dili-

167 2615 285 2693 gentius
308 2615 480 2676 illustretur.
527 2614 680 2694 Copiosior
707 2622 807 2676 autem
833 2615 1010 2703 Plutarchus
1036 2615 1087 2677 ubi
1112 2613 1246 2676 additur:
1273 2610 1314 2676 dv

168 2708 205 2773 dd
241 2714 286 2794 μὴ
304 2709 457 2794 δύνηται,
494 2709 645 2790 συνάγων
677 2713 716 2775 τὸ
751 2710 857 2795 στόμα
893 2711 950 2774 καὶ
980 2711 1191 2795 περιστείλας
1224 2721 1315 2785 τοῖς

167 2808 354 2888 χείλεσιν
369 2803 513 2893 άκροις
533 2803 757 2894 ἐπιψαύων
772 2808 996 2895 ᾆποκνίζει
1017 2812 1085 2874 τοῦ
1100 2809 1314 2885 δελέατος;

167 2908 277 2971 Eadem
302 2910 391 2971 etiarn
414 2909 530 2988 cognita
554 2909 688 2989 Oppiauo
704 2911 744 2972 lll
759 2910 914 2991 520sqq.:

521 3042 523 3047 ·
901 3000 939 3068 ού
968 3001 1048 3087 μάλ’
1076 3002 1215 3087 ἑτοίμως

267 3103 380 3187 ψαύσε
406 3103 517 3186 βορῆς,
546 3097 641 3191 οὐρῇ
666 3102 709 3166 δὲ
735 3102 868 3188 πάρος
894 3101 1098 3186 μάστιξεν
1123 3101 1294 3186 ἐγείρων

267 3193 507 3284 δι’γκιστρον,
533 3194 647 3284 μήπου
672 3223 723 3276 τις
749 3200 797 3264 tet
823 3205 901 3284 χροῒ
920 3196 1056 3282 θέρμετ’
1084 3195 1193 3282 άύτμή

268 3301 368 3385 (ζωοῦ
393 3304 454 3387 γὰρ
480 3302 671 3388 κεστρεῦσιν
697 3295 874 3382 ἀπώμοτόν
897 3297 967 3361 ἐστι
995 3294 1205 3380 πάσασθαι).

269 3399 368 3466 ἔνθεν
393 3397 499 3466 ἔπειτ’
527 3397 705 3483 ἄκροισι
733 3395 940 3471 διακνίζει
967 3388 1223 3479 στομάτεσσι
1253 3476 1257 3483 Ι

269 3498 394 3563 δαίτα
418 3497 633 3585 περιξύων.
678 3493 793 3571 ἁλιεύς
818 3494 856 3559 δὲ
882 3491 947 3558 κτλ.

170 3640 214 3703 nd
230 3639 392 3720 περιξύων
406 3643 562 3705 scholiasta
578 3633 794 3725 παραψαύων
809 3647 990 3721 apparetque
1001 3639 1179 3701 Graecorum
1196 3646 1316 3700 utrum-

170 3758 228 3819 que
243 3739 307 3817 ipsa
323 3740 449 3819 exempli
464 3740 603 3825 vocabula
618 3741 649 3824 in
663 3741 719 3802 hac
733 3740 897 3819 posteriore
912 3746 995 3818 parte
1010 3736 1074 3817 pari
1094 3737 1245 3816 diligentia
1266 3755 1314 3798 as·

170 3835 342 3915 sumpsisse.
387 3837 447 3898 Sed
477 3838 556 3899 enim
587 3838 622 3900 ad
653 3837 802 3900 Plutarchi
832 3836 922 3898 rerba
954 3831 996 3897 ἂν
1025 3832 1064 3897 δὲ
1097 3833 1141 3917 μὴ
1176 3831 1315 3916 δύνηται

170 3937 223 4016 (sc.
242 3929 453 4017 ἀποκρούων)
475 3934 563 3996 ctiam
583 3932 727 3998 rationem
745 3935 900 4015 Oppianus
922 3935 1052 4014 aliquam
1074 3933 1178 3996 inserit
1194 3953 1220 3993 v.
1238 3932 1315 3994 523:
1405 3942 1408 3949 '

171 4035 330 4114 nequire
360 4033 439 4094 enim
470 4032 610 4110 mugilem
640 4035 923 4095 comedereescem
949 4033 974 4094 si
1000 4033 1078 4094 c'alor
1104 4031 1135 4092 in
1162 4050 1195 4092 ea
1221 4031 1260 4092 sit
1286 4039 1317 4092 et

171 4132 252 4195 riuus
283 4132 399 4194 halitus.
452 4130 568 4193 Hocine
587 4130 674 4192 etiarn
698 4130 873 4192 Plutarchus
892 4127 1026 4209 legerat?
1069 4130 1165 4191 lmmo
1194 4129 1317 4190 variavit

170 4249 234 4293 rem
254 4231 421 4311 Oppianos3
451 4248 549 4308 neque
575 4229 654 4291 enim
679 4230 739 4290 iam
765 4227 912 4290 sollertias
938 4227 1065 4306 piscium
1092 4227 1238 4287 hocloco
1264 4228 1315 4289 sed

171 4328 301 4390 rationes
326 4336 434 4391 tractat
459 4328 567 4410 quibus
593 4327 656 4406 capi
683 4327 812 4400 soleant3
837 4327 936 4406 itaque
962 4325 1005 4387 sio
1025 4326 1248 4388 transformavit
1269 4327 1316 4388 'fa-

172 4425 280 4500 bulam,
305 4436 338 4489 ut
357 4428 477 4490 hamum
504 4430 602 4508 ipsum
622 4425 849 4507 periculumque
868 4425 991 4487 subesse
1018 4424 1142 4487 omniuo
1164 4441 1227 4485 non
1246 4438 1315 4504 per-
