2962 5010
622 310 844 388 -m-

166 500 390 565 coniunctiones
419 499 549 563 attende.
608 499 704 562 Priori
735 517 785 563 sea
815 499 895 581 quod
923 497 1104 581 respondeat
1132 516 1194 561 uon
1222 498 1307 560 adest

164 601 224 663 uisi
253 599 298 662 vel
330 618 403 662 cnm.
448 597 508 661 Sed
536 605 599 661 tam
621 599 716 662 laxam
749 597 916 660 orationem
944 615 1110 680 parumque
1136 598 1306 660 adstrictam

164 717 262 780 neque
295 699 374 779 apud
408 705 522 760 ceteros
556 697 645 760 huius
672 696 818 777 temporis
850 697 953 777 poetas
975 697 1076 759 videre
1103 713 1157 774 eqo
1184 695 1306 758 memini

165 814 265 878 neque
297 815 367 858 vero
400 796 518 859 admisit
540 797 617 859 Naso
651 796 763 858 scilicet
791 805 825 857 ut
854 795 1061 876 priminianum
1089 795 1307 857 sententiarum

167 894 352 958 diversarum
375 895 535 975 uuicuique
557 894 715 956 distributa
736 893 949 974 praefigeretur
970 893 1139 955 secundaria
1155 891 1308 955 condicio·

166 993 300 1074 nalisque
323 992 470 1056 sententia
493 992 576 1054 aliter
597 998 688 1073 atque
710 992 954 1055 coniunctionum
976 995 1157 1054 stae-stoc
1178 1008 1307 1071 respou-

166 1091 249 1154 sione
272 1099 408 1154 aocurate
428 1089 594 1153 observata.
638 1080 790 1171 Scriptum
812 1097 857 1152 est
879 1089 911 1151 in
933 1089 1307 1168 urceum.11,203sqq.:

167 1189 228 1252 Seu
250 1189 328 1252 lndet
348 1207 535 1271 numerosque
549 1208 640 1252 monn
660 1189 776 1252 lactabit
796 1189 929 1261 clarnos,
952 1187 995 1250 Ta
1015 1187 1091 1250 mole
1112 1192 1217 1251 tactam
1232 1232 1239 1247 .
1257 1231 1264 1245 .
1282 1204 1308 1258 .;
1372 1240 1375 1249 .

168 1288 227 1350 Seu
253 1291 338 1350 rann
364 1287 437 1351 talou
457 1333 552 1362 ....‚
585 1297 658 1350 stent
683 1289 737 1351 llll
760 1306 842 1368 saepe
870 1305 970 1363 canem
1002 1287 1071 1348 Sive
1093 1285 1236 1349 laerocfflr'
1255 1282 1308 1347 end

165 1389 287 1466 inopine
302 1385 430 1448 calculas
443 1386 503 1465 llll,
519 1371 577 1448 Fac
589 1397 692 1466 pereat
704 1386 795 1449 miles.
829 1385 891 1448 Art.
905 1384 927 1457 1,
944 1385 1000 1447 61:
1024 1385 1084 1446 Seu
1099 1387 1209 1465 caperis
1221 1430 1227 1445 .
1241 1430 1249 1446 .
1261 1427 1270 1444 .
1284 1428 1307 1456 .‚

167 1493 233 1546 onte
263 1483 358 1550 oculos
385 1487 477 1547 veniet
502 1503 572 1547 aero
590 1484 690 1566 puelle
710 1494 791 1559 enom
825 1483 892 1546 Sive
921 1487 999 1564 capte
1019 1488 1165 1558 invenem,
1193 1486 1308 1544 income

166 1583 220 1645 tell
237 1583 315 1644 mille
333 1583 487 1663 placebant
503 1627 588 1655 ....,
611 1583 671 1646 Seu
692 1593 719 1645 te
739 1585 815 1663 sorte
837 1585 918 1645 r'noot
932 1628 940 1643 .
954 1627 961 1642 .
974 1628 982 1642 .
995 1627 1019 1656 .‚
1040 1582 1093 1645 leoe
1115 1597 1224 1663 qaoque
1247 1599 1308 1662 aqs.

166 1679 228 1754 Art
250 1680 286 1755 ll,
309 1678 386 1741 29⁹1:
421 1680 488 1743 Sive
517 1683 571 1743 erit
597 1683 629 1744 ln
652 1680 755 1761 Tyriis,
783 1679 883 1760 an'os
913 1679 1044 1742 meduan
1073 1684 1209 1754 amictam
1242 1678 1309 1740 Sive

88 1834 91 1840 .
167 1783 220 1842 ent
240 1781 273 1841 in
297 1778 369 1854 Goe‘s,
395 1777 456 1841 tlon
477 1780 575 1843 decere
594 1789 675 1860 prum
719 1779 788 1842 Met.
810 1777 860 1853 Xl,
881 1777 958 1839 121:
982 1777 1044 1840 sive
1064 1778 1114 1842 dle
1216 1778 1309 1839 conot-

165 1887 260 1958 qerul,
291 1876 421 1940 Cerealia
451 1877 528 1940 dona
552 1878 698 1959 rtqelann
729 1877 789 1940 sive
817 1877 903 1957 dapes
924 1920 932 1938 .
950 1922 957 1938 .
976 1921 983 1938 .
1002 1877 1141 1957 parabat,
1170 1875 1310 1938 lammina

166 1974 254 2057 [aloa
285 1975 371 2057 dapes
404 1977 517 2040 admoto
551 1977 632 2039 deme
663 1977 817 2057 premebat.
876 1976 998 2038 Remed.
1035 1976 1111 2036 165:
1144 1974 1211 2036 Sive
1243 1991 1310 2055 ope·

166 2093 233 2137 rom
260 2074 340 2142 deliis
368 2072 451 2137 aellel
480 2075 558 2149 dore,
588 2075 672 2137 nnlla
697 2075 824 2156 quedam
865 2075 933 2136 Sive
953 2075 1030 2155 soro,
1062 2092 1187 2136 omnam
1215 2072 1311 2135 lltrlrm

167 2171 257 2252 Arpos
278 2181 349 2234 erat.
394 2173 462 2235 ltlet
479 2171 552 2246 XIV,
567 2170 625 2234 20:
648 2172 714 2234 Sive
737 2171 844 2252 aliquid
865 2175 948 2253 reqm'
968 2183 1008 2234 est
1028 2175 1060 2234 tn
1082 2174 1219 2245 carmine,
1241 2188 1311 2233 cnr-

168 2287 234 2331 aren
267 2269 325 2332 Ore
357 2287 438 2333 mooe
470 2288 566 2344 socro;
603 2270 665 2332 sive
698 2273 893 2351 eapaqnacr'or
925 2270 1013 2332 lala
1044 2279 1099 2343 eet,
1135 2270 1217 2332 Utere
1246 2287 1308 2350 eqs.

167 2367 257 2429 'l'rist
281 2368 302 2441 Ι,
326 2367 354 2429 2.
378 2367 417 2430 87
431 2387 490 2449 sq:
525 2387 578 2430 seu
599 2386 644 2431 me
666 2367 794 2450 dellqr'tr‘s,
828 2379 922 2431 tantos
943 2372 1105 2448 compescite
1125 2367 1231 2446 flnctus

170 2465 231 2529 Seu
252 2468 343 2546 moqie
365 2467 468 2539 edun,
490 2469 584 2528 iussae
606 2485 669 2547 eqs.
693 2466 730 2528 cf.
754 2471 816 2529 Art.
840 2467 862 2540 1,
885 2466 965 2543 4873
987 2467 1077 2529 l'rist.
1101 2467 1121 2538 l,
1145 2465 1174 2541 9,
1197 2465 1254 2539 43;
1276 2466 1310 2540 v,

171 2564 199 2637 7,
214 2564 254 2626 43
267 2581 348 2645 sqq.;
369 2583 406 2626 ex
429 2563 525 2627 Ponto
540 2564 586 2633 lV,
604 2563 633 2638 8,
652 2566 690 2625 tl
703 2583 769 2645 sqq.
807 2565 952 2644 Vergilius
973 2565 1066 2628 semel
1087 2572 1206 2626 tantum
1228 2565 1311 2626 hunc

170 2661 201 2722 in
230 2663 353 2724 modum
376 2661 541 2724 orationem
564 2661 678 2725 divisit:
706 2662 780 2724 Aen.
803 2661 854 2737 Xl,
876 2683 903 2725 v.
925 2663 987 2725 443
1005 2682 1047 2744 sq.
1093 2662 1205 2725 Similis
1226 2663 1310 2724 locus

170 2760 248 2839 apud
265 2760 414 2823 Tibullum
435 2759 480 2832 lv,
497 2759 527 2834 2,
544 2760 563 2820 9
578 2779 643 2841 sqq.
666 2777 765 2842 neque
779 2778 840 2822 non
855 2761 886 2822 in
902 2760 1081 2842 Panegyrico
1104 2761 1135 2822 in
1156 2760 1329 2823 llessalum·

170 2876 196 2920 v.
213 2857 254 2919 45
271 2876 315 2938 sq.
338 2877 398 2939 quo
423 2864 509 2938 poeta
530 2876 620 2921 nemo
643 2867 723 2921 certe
740 2860 832 2938 magis
847 2859 1016 2921 orationem
1038 2859 1206 2942 bipartitam
1222 2865 1311 2938 atque

169 2956 307 3018 tetricum
338 2955 408 3017 illud
436 2958 624 3019 siue-siae
651 2957 804 3021 affectavit
855 2957 1066 3038 Exemplorum
1096 2965 1193 3021 autem
1228 2957 1311 3039 quasi

172 3053 338 3133 exemplum
350 3055 522 3134 Propertius
544 3055 634 3117 habet
647 3056 680 3118 in
700 3055 767 3118 libri
782 3056 903 3120 secundi
918 3057 1039 3121 exordio
1063 3059 1100 3132 (v.
1124 3059 1142 3118 5
1158 3057 1238 3138 sqq.)
1261 3055 1312 3138 qui

172 3168 233 3212 non
245 3150 345 3214 miuus
363 3153 478 3215 sexiens
492 3152 621 3216 indicato
638 3173 720 3217 more
742 3155 923 3219 distrinxerit
938 3155 1117 3218 sententium
1139 3171 1258 3235 semper
1279 3162 1313 3214 ut

170 3253 243 3312 eloe
264 3250 522 3330 praemitteretur;
548 3253 766 3333 transponendi
780 3274 850 3316 vero
866 3255 998 3316 membra
1013 3252 1099 3313 -id
1122 3251 1200 3330 quod
1216 3249 1311 3311 Lach-

171 3349 275 3410 mauui
295 3349 379 3412 iussu
400 3349 582 3412 invaluit-
596 3369 694 3431 neque
716 3370 803 3414 causa
824 3351 907 3413 adest
929 3368 1026 3430 neque
1049 3349 1095 3410 vel
1116 3347 1209 3418 venia,
1231 3346 1311 3426 quod

170 3463 252 3507 nuuc
265 3445 388 3507 indicari
404 3466 479 3509 ame
491 3447 561 3510 satis
583 3449 631 3509 sit.
668 3448 743 3509 ltem
767 3447 889 3509 Ovidius
905 3447 969 3508 Am.
984 3446 1011 3506 ll
1026 3444 1090 3517 7‚7
1113 3443 1214 3505 neseio
1236 3459 1310 3504 num

170 3542 227 3605 Sea
249 3562 335 3624 qaam
357 3543 477 3606 londoni
498 3551 528 3606 ct
541 3543 599 3604 Sea
621 3544 702 3625 culpo
723 3544 899 3625 perrexerit:
923 3544 959 3606 cf.
977 3550 1078 3605 notam
1092 3540 1265 3604 Burmanni

255 3642 317 3703 lam
344 3641 507 3715 nemisia,
533 3641 642 3722 inquis,
669 3643 837 3718 sufficiant3
868 3642 926 3705 iam
949 3641 1030 3703 enim
1052 3640 1145 3704 adlata
1167 3640 1311 3703 habemus

171 3757 239 3800 eum
262 3757 340 3818 quae
366 3737 487 3819 indigna
509 3738 627 3801 Nasone
648 3740 809 3817 credantur
831 3741 901 3815 duo,
929 3733 994 3804 tum
1016 3759 1085 3802 vero
1108 3739 1242 3821 quinque
1262 3739 1310 3800 in·

172 3845 325 3916 expectata
346 3855 469 3917 prorsus
491 3836 616 3900 crimina
637 3846 727 3919 atque
749 3839 790 3901 ita
813 3846 980 3920 comparata
1002 3846 1036 3901 ut
1058 3837 1084 3900 si
1106 3839 1183 3900 torte
1207 3854 1311 3899 eorum

172 3942 312 4015 quattuor
334 3934 526 3998 confutentur
547 3936 639 4016 copiis
660 3936 762 3999 nascio
777 3939 859 3999 unde
872 3937 985 4019 petitis,
1006 3945 1107 3998 tamen
1122 3952 1215 3998 unum
1232 3936 1311 4016 quod

172 4030 296 4094 restabit
323 4030 359 4093 ad
387 4032 477 4096 tidem
499 4032 672 4097 Ovidiauam
700 4035 889 4099 evertendam
918 4035 990 4098 satis
1018 4035 1137 4097 firmum
1165 4051 1312 4114 superque

171 4130 263 4191 videri
290 4130 403 4199 debeat.
447 4132 556 4194 Verum
587 4138 684 4195 tenes.
728 4134 841 4196 Tamen
869 4134 961 4215 magis
989 4134 1078 4196 etiam
1101 4132 1312 4195 adminiculare

171 4246 236 4288 rem
259 4237 390 4290 nostrum
412 4230 541 4310 placeat3
563 4249 634 4293 nam
657 4232 844 4311 estquidam
867 4231 1032 4294 aedificium
1054 4230 1127 4293 illud
1150 4229 1312 4308 elegantius

173 4325 259 4389 cuius
286 4328 458 4390 columellae
484 4329 547 4391 sint
575 4347 642 4406 uon,
661 4329 767 4410 plures
794 4348 884 4411 quam
913 4346 987 4410 qnae
1014 4328 1164 4391 fulciendo
1186 4327 1313 4409 ponderi

172 4424 336 4499 suffimenta
357 4426 409 4488 ubi
432 4444 501 4489 vcro
521 4426 674 4490 incessum
696 4428 852 4491 hominum
868 4427 1027 4491 multitudo
1049 4427 1097 4503 sit,
1120 4426 1212 4507 magis
1235 4426 1311 4490 cauti
