<?xml version="1.0" encoding="UTF-8"?>
<!DOCTYPE html PUBLIC "-//W3C//DTD XHTML 1.0 Transitional//EN"
    "http://www.w3.org/TR/xhtml1/DTD/xhtml1-transitional.dtd">
<html xmlns="http://www.w3.org/1999/xhtml" xml:lang="en" lang="en">
 <head>
  <title>
</title>
<meta http-equiv="Content-Type" content="text/html;charset=utf-8" />
  <meta name='ocr-system' content='tesseract 3.04.00' />
  <meta name='ocr-capabilities' content='ocr_page ocr_carea ocr_par ocr_line ocrx_word'/>
</head>
<body>
  <div class='ocr_page' id='page_1' title='image "./dehalieuticisov02birtgoog_0198.png"; bbox 0 0 2962 5010; ppageno 0'>
   <div class='ocr_carea' id='block_1_1' title="bbox 615 318 865 384">
    <p class='ocr_par' dir='ltr' id='par_1_1' title="bbox 615 318 865 384">
     <span class='ocr_line' id='line_1_1' title="bbox 615 318 865 384; baseline -0.004 0"><span class='ocrx_word' id='word_1_1' title='bbox 615 352 664 365; x_wconf 89' lang='lat'>-</span> <span class='ocrx_word' id='word_1_2' title='bbox 705 318 773 384; x_wconf 83' lang='lat' dir='ltr'><strong>ror</strong></span> <span class='ocrx_word' id='word_1_3' title='bbox 815 350 865 364; x_wconf 92' lang='lat'><em>-</em></span> 
     </span>
    </p>
   </div>
   <div class='ocr_carea' id='block_1_2' title="bbox 161 486 1171 774">
    <p class='ocr_par' dir='ltr' id='par_1_2' title="bbox 161 486 1171 774">
     <span class='ocr_line' id='line_1_2' title="bbox 161 486 1171 575; baseline -0.009 -14"><span class='ocrx_word' id='word_1_4' title='bbox 161 518 166 531; x_wconf 82' lang='lat'>¹</span> <span class='ocrx_word' id='word_1_5' title='bbox 272 497 429 575; x_wconf 82' lang='lat' dir='ltr'><strong>(bidiciine</strong></span> <span class='ocrx_word' id='word_1_6' title='bbox 452 503 533 557; x_wconf 88' lang='lat' dir='ltr'><strong>metu</strong></span> <span class='ocrx_word' id='word_1_7' title='bbox 558 495 660 574; x_wconf 78' lang='lat' dir='ltr'><strong>magis,</strong></span> <span class='ocrx_word' id='word_1_8' title='bbox 684 486 836 557; x_wconf 71' lang='lat' dir='ltr'><strong>offensane</strong></span> <span class='ocrx_word' id='word_1_9' title='bbox 859 491 1030 574; x_wconf 83' lang='lat' dir='ltr'><strong>repulsae‘l)</strong></span> <span class='ocrx_word' id='word_1_10' title='bbox 1064 488 1067 497; x_wconf 86' lang='lat'>&#39;</span> <span class='ocrx_word' id='word_1_11' title='bbox 1104 500 1106 505; x_wconf 85' lang='lat'>&#39;</span> <span class='ocrx_word' id='word_1_12' title='bbox 1168 490 1171 495; x_wconf 86' lang='grc'><strong>’</strong></span> 
     </span>
     <span class='ocr_line' id='line_1_3' title="bbox 270 591 1059 677; baseline -0.009 -18"><span class='ocrx_word' id='word_1_13' title='bbox 270 597 391 677; x_wconf 77' lang='lat' dir='ltr'><strong>Arguit3</strong></span> <span class='ocrx_word' id='word_1_14' title='bbox 412 594 655 674; x_wconf 88' lang='lat' dir='ltr'><strong>immeritamque</strong></span> <span class='ocrx_word' id='word_1_15' title='bbox 676 600 761 675; x_wconf 87' lang='lat' dir='ltr'><strong>pater</strong></span> <span class='ocrx_word' id='word_1_16' title='bbox 782 592 906 673; x_wconf 91' lang='lat' dir='ltr'><strong>proiecit</strong></span> <span class='ocrx_word' id='word_1_17' title='bbox 928 591 964 653; x_wconf 85' lang='lat' dir='ltr'><strong>ab</strong></span> <span class='ocrx_word' id='word_1_18' title='bbox 988 591 1059 653; x_wconf 89' lang='lat' dir='ltr'><strong>urbe</strong></span> 
     </span>
     <span class='ocr_line' id='line_1_4' title="bbox 272 691 978 774; baseline -0.007 -18"><span class='ocrx_word' id='word_1_19' title='bbox 272 694 439 774; x_wconf 88' lang='lat' dir='ltr'><strong>ilostilique</strong></span> <span class='ocrx_word' id='word_1_20' title='bbox 462 701 552 773; x_wconf 91' lang='lat' dir='ltr'><strong>caput</strong></span> <span class='ocrx_word' id='word_1_21' title='bbox 573 711 660 774; x_wconf 84' lang='lat' dir='ltr'><strong>prece</strong></span> <span class='ocrx_word' id='word_1_22' title='bbox 684 692 848 755; x_wconf 87' lang='lat' dir='ltr'><strong>detestatur</strong></span> <span class='ocrx_word' id='word_1_23' title='bbox 870 691 978 763; x_wconf 88' lang='lat' dir='ltr'><strong>euntis,</strong></span> 
     </span>
    </p>
   </div>
   <div class='ocr_carea' id='block_1_3' title="bbox 165 800 1313 989">
    <p class='ocr_par' dir='ltr' id='par_1_3' title="bbox 165 800 1313 989">
     <span class='ocr_line' id='line_1_5' title="bbox 165 800 1313 882; baseline -0.01 -12"><span class='ocrx_word' id='word_1_24' title='bbox 165 826 231 870; x_wconf 91' lang='lat' dir='ltr'><strong>non</strong></span> <span class='ocrx_word' id='word_1_25' title='bbox 255 822 325 870; x_wconf 85' lang='lat' dir='ltr'><strong>casu</strong></span> <span class='ocrx_word' id='word_1_26' title='bbox 341 816 389 866; x_wconf 91' lang='lat' dir='ltr'><strong>nte</strong></span> <span class='ocrx_word' id='word_1_27' title='bbox 404 805 522 867; x_wconf 77' lang='lat' dir='ltr'><strong>hercule</strong></span> <span class='ocrx_word' id='word_1_28' title='bbox 539 807 649 866; x_wconf 86' lang='lat' dir='ltr'><strong>iactum</strong></span> <span class='ocrx_word' id='word_1_29' title='bbox 674 812 719 866; x_wconf 88' lang='lat' dir='ltr'><strong>est</strong></span> <span class='ocrx_word' id='word_1_30' title='bbox 741 810 774 866; x_wconf 87' lang='lat' dir='ltr'><strong>ut</strong></span> <span class='ocrx_word' id='word_1_31' title='bbox 797 804 952 865; x_wconf 87' lang='lat' dir='ltr'><strong>lectionem</strong></span> <span class='ocrx_word' id='word_1_32' title='bbox 969 800 1128 882; x_wconf 81' lang='lat' dir='ltr'>antiquitas</span> <span class='ocrx_word' id='word_1_33' title='bbox 1143 801 1180 862; x_wconf 87' lang='lat' dir='ltr'><strong>ad</strong></span> <span class='ocrx_word' id='word_1_34' title='bbox 1198 818 1313 862; x_wconf 89' lang='lat' dir='ltr'><strong>versum</strong></span> 
     </span>
     <span class='ocr_line' id='line_1_6' title="bbox 168 903 842 989; baseline -0.009 -20"><span class='ocrx_word' id='word_1_35' title='bbox 168 906 388 989; x_wconf 82' lang='lat' dir='ltr'><strong>paenultimam</strong></span> <span class='ocrx_word' id='word_1_36' title='bbox 411 904 518 964; x_wconf 83' lang='lat' dir='ltr'><strong>variam</strong></span> <span class='ocrx_word' id='word_1_37' title='bbox 542 910 730 964; x_wconf 80' lang='lat' dir='ltr'><strong>conservaret</strong></span> <span class='ocrx_word' id='word_1_38' title='bbox 751 903 842 964; x_wconf 90' lang='lat' dir='ltr'><strong>hanc:</strong></span> 
     </span>
    </p>
   </div>
   <div class='ocr_carea' id='block_1_4' title="bbox 173 1012 1314 1209">
    <p class='ocr_par' dir='ltr' id='par_1_4' title="bbox 173 1012 1314 1209">
     <span class='ocr_line' id='line_1_7' title="bbox 272 1012 1063 1094; baseline -0.005 -16"><span class='ocrx_word' id='word_1_39' title='bbox 272 1015 446 1090; x_wconf 70' lang='lat' dir='ltr'><strong>Damnavit,</strong></span> <span class='ocrx_word' id='word_1_40' title='bbox 469 1012 669 1094; x_wconf 90' lang='lat' dir='ltr'><strong>meritumque</strong></span> <span class='ocrx_word' id='word_1_41' title='bbox 692 1012 764 1076; x_wconf 90' lang='lat' dir='ltr'><strong>nihil</strong></span> <span class='ocrx_word' id='word_1_42' title='bbox 787 1021 870 1094; x_wconf 90' lang='lat' dir='ltr'><strong>pater</strong></span> <span class='ocrx_word' id='word_1_43' title='bbox 892 1012 959 1075; x_wconf 91' lang='lat' dir='ltr'><strong>eicit</strong></span> <span class='ocrx_word' id='word_1_44' title='bbox 981 1013 1063 1076; x_wconf 90' lang='lat' dir='ltr'><strong>urbe.</strong></span> 
     </span>
     <span class='ocr_line' id='line_1_8' title="bbox 173 1110 1314 1209; baseline -0.007 -20"><span class='ocrx_word' id='word_1_45' title='bbox 173 1129 273 1209; x_wconf 85' lang='lat' dir='ltr'><strong>ltaque</strong></span> <span class='ocrx_word' id='word_1_46' title='bbox 288 1143 485 1207; x_wconf 86' lang='lat' dir='ltr'><strong>quoscunque</strong></span> <span class='ocrx_word' id='word_1_47' title='bbox 499 1124 632 1204; x_wconf 78' lang='lat' dir='ltr'><strong>Zingerle</strong></span> <span class='ocrx_word' id='word_1_48' title='bbox 649 1132 689 1205; x_wconf 77' lang='lat' dir='ltr'><strong>(p.</strong></span> <span class='ocrx_word' id='word_1_49' title='bbox 701 1126 758 1184; x_wconf 80' lang='lat'><strong>121</strong></span> <span class='ocrx_word' id='word_1_50' title='bbox 769 1110 844 1204; x_wconf 80' lang='lat' dir='ltr'><strong>not.)</strong></span> <span class='ocrx_word' id='word_1_51' title='bbox 860 1125 955 1185; x_wconf 88' lang='lat' dir='ltr'><strong>socios</strong></span> <span class='ocrx_word' id='word_1_52' title='bbox 971 1131 1114 1185; x_wconf 89' lang='lat' dir='ltr'><strong>convocat</strong></span> <span class='ocrx_word' id='word_1_53' title='bbox 1129 1122 1314 1201; x_wconf 87' lang='lat' dir='ltr'><strong>invocatque,</strong></span> 
     </span>
    </p>
   </div>
   <div class='ocr_carea' id='block_1_5' title="bbox 169 1220 1348 2780">
    <p class='ocr_par' dir='ltr' id='par_1_5' title="bbox 169 1220 1348 2564">
     <span class='ocr_line' id='line_1_9' title="bbox 172 1220 1316 1298; baseline -0.005 -12"><span class='ocrx_word' id='word_1_54' title='bbox 172 1243 259 1288; x_wconf 87' lang='lat' dir='ltr'><strong>sanae</strong></span> <span class='ocrx_word' id='word_1_55' title='bbox 281 1234 381 1286; x_wconf 83' lang='lat' dir='ltr'><strong>tamen</strong></span> <span class='ocrx_word' id='word_1_56' title='bbox 403 1223 524 1285; x_wconf 87' lang='lat' dir='ltr'><strong>rationis</strong></span> <span class='ocrx_word' id='word_1_57' title='bbox 547 1242 619 1285; x_wconf 85' lang='lat' dir='ltr'><strong>suae</strong></span> <span class='ocrx_word' id='word_1_58' title='bbox 652 1232 682 1284; x_wconf 90' lang='lat' dir='ltr'><strong>et</strong></span> <span class='ocrx_word' id='word_1_59' title='bbox 710 1224 826 1284; x_wconf 80' lang='lat' dir='ltr'><strong>criticae</strong></span> <span class='ocrx_word' id='word_1_60' title='bbox 860 1224 928 1284; x_wconf 90' lang='lat' dir='ltr'><strong>artis</strong></span> <span class='ocrx_word' id='word_1_61' title='bbox 962 1223 1071 1283; x_wconf 91' lang='lat' dir='ltr'><strong>oblitus</strong></span> <span class='ocrx_word' id='word_1_62' title='bbox 1105 1220 1153 1282; x_wconf 90' lang='lat' dir='ltr'><strong>ille</strong></span> <span class='ocrx_word' id='word_1_63' title='bbox 1187 1228 1233 1281; x_wconf 91' lang='lat' dir='ltr'><strong>est</strong></span> <span class='ocrx_word' id='word_1_64' title='bbox 1265 1220 1316 1298; x_wconf 92' lang='lat' dir='ltr'><strong>qui</strong></span> 
     </span>
     <span class='ocr_line' id='line_1_10' title="bbox 171 1308 1314 1405; baseline -0.005 -20"><span class='ocrx_word' id='word_1_65' title='bbox 171 1324 316 1405; x_wconf 81' lang='lat' dir='ltr'><strong>volgatam</strong></span> <span class='ocrx_word' id='word_1_66' title='bbox 353 1308 441 1384; x_wconf 91' lang='lat' dir='ltr'><strong>tueri</strong></span> <span class='ocrx_word' id='word_1_67' title='bbox 467 1320 624 1383; x_wconf 89' lang='lat' dir='ltr'><strong>lectionem</strong></span> <span class='ocrx_word' id='word_1_68' title='bbox 658 1340 719 1383; x_wconf 93' lang='lat' dir='ltr'><strong>non</strong></span> <span class='ocrx_word' id='word_1_69' title='bbox 753 1322 877 1383; x_wconf 90' lang='lat' dir='ltr'><strong>dubitet.</strong></span> <span class='ocrx_word' id='word_1_70' title='bbox 933 1317 1035 1396; x_wconf 81' lang='lat' dir='ltr'><strong>Quid?</strong></span> <span class='ocrx_word' id='word_1_71' title='bbox 1069 1338 1107 1381; x_wconf 93' lang='lat' dir='ltr'><strong>an</strong></span> <span class='ocrx_word' id='word_1_72' title='bbox 1141 1338 1203 1380; x_wconf 93' lang='lat' dir='ltr'><strong>non</strong></span> <span class='ocrx_word' id='word_1_73' title='bbox 1237 1319 1314 1380; x_wconf 86' lang='lat' dir='ltr'><strong>idem</strong></span> 
     </span>
     <span class='ocr_line' id='line_1_11' title="bbox 170 1414 1314 1502; baseline -0.005 -19"><span class='ocrx_word' id='word_1_74' title='bbox 170 1436 270 1484; x_wconf 89' lang='lat' dir='ltr'><strong>sermo</strong></span> <span class='ocrx_word' id='word_1_75' title='bbox 292 1439 411 1502; x_wconf 89' lang='lat' dir='ltr'><strong>quoque</strong></span> <span class='ocrx_word' id='word_1_76' title='bbox 434 1414 530 1499; x_wconf 85' lang='lat' dir='ltr'><strong>arguit</strong></span> <span class='ocrx_word' id='word_1_77' title='bbox 551 1416 684 1481; x_wconf 76' lang='lat' dir='ltr'><strong>latinus?</strong></span> <span class='ocrx_word' id='word_1_78' title='bbox 721 1419 853 1481; x_wconf 89' lang='lat' dir='ltr'><strong>Primum</strong></span> <span class='ocrx_word' id='word_1_79' title='bbox 883 1420 961 1481; x_wconf 87' lang='lat' dir='ltr'><strong>enim</strong></span> <span class='ocrx_word' id='word_1_80' title='bbox 984 1419 1153 1498; x_wconf 86' lang='lat' dir='ltr'><strong>exemplum</strong></span> <span class='ocrx_word' id='word_1_81' title='bbox 1177 1424 1314 1499; x_wconf 86' lang='lat' dir='ltr'><strong>exspecto</strong></span> 
     </span>
     <span class='ocr_line' id='line_1_12' title="bbox 172 1514 1315 1598; baseline -0.005 -16"><span class='ocrx_word' id='word_1_82' title='bbox 172 1531 223 1583; x_wconf 86' lang='lat' dir='ltr'><strong>aut</strong></span> <span class='ocrx_word' id='word_1_83' title='bbox 245 1516 331 1581; x_wconf 85' lang='lat' dir='ltr'><strong>Ovidi</strong></span> <span class='ocrx_word' id='word_1_84' title='bbox 352 1527 403 1581; x_wconf 85' lang='lat' dir='ltr'><strong>aut</strong></span> <span class='ocrx_word' id='word_1_85' title='bbox 426 1519 529 1580; x_wconf 89' lang='lat' dir='ltr'><strong>aetatis</strong></span> <span class='ocrx_word' id='word_1_86' title='bbox 546 1518 705 1580; x_wconf 86' lang='lat' dir='ltr'><strong>(lvidianae</strong></span> <span class='ocrx_word' id='word_1_87' title='bbox 726 1516 758 1578; x_wconf 95' lang='lat' dir='ltr'><strong>in</strong></span> <span class='ocrx_word' id='word_1_88' title='bbox 781 1536 839 1598; x_wconf 91' lang='lat' dir='ltr'><strong>quo</strong></span> <span class='ocrx_word' id='word_1_89' title='bbox 863 1518 952 1579; x_wconf 90' lang='lat' dir='ltr'><strong>verbo</strong></span> <span class='ocrx_word' id='word_1_90' title='bbox 976 1516 1141 1598; x_wconf 88' lang='lat' dir='ltr'><strong>proiciendi</strong></span> <span class='ocrx_word' id='word_1_91' title='bbox 1164 1516 1264 1595; x_wconf 82' lang='lat' dir='ltr'><strong>magis&#39;</strong></span> <span class='ocrx_word' id='word_1_92' title='bbox 1280 1514 1315 1577; x_wconf 85' lang='lat' dir='ltr'><strong>ab</strong></span> 
     </span>
     <span class='ocr_line' id='line_1_13' title="bbox 172 1614 1315 1698; baseline -0.006 -18"><span class='ocrx_word' id='word_1_93' title='bbox 172 1638 261 1698; x_wconf 89' lang='lat' dir='ltr'><strong>quam</strong></span> <span class='ocrx_word' id='word_1_94' title='bbox 283 1626 333 1680; x_wconf 91' lang='lat' dir='ltr'><strong>aut</strong></span> <span class='ocrx_word' id='word_1_95' title='bbox 355 1635 392 1679; x_wconf 80' lang='lat' dir='ltr'><strong>ec</strong></span> <span class='ocrx_word' id='word_1_96' title='bbox 414 1625 465 1678; x_wconf 89' lang='lat' dir='ltr'><strong>aut</strong></span> <span class='ocrx_word' id='word_1_97' title='bbox 488 1636 590 1679; x_wconf 90' lang='lat' dir='ltr'><strong>merus</strong></span> <span class='ocrx_word' id='word_1_98' title='bbox 620 1614 763 1678; x_wconf 80' lang='lat' dir='ltr'><strong>ablativus</strong></span> <span class='ocrx_word' id='word_1_99' title='bbox 797 1617 988 1696; x_wconf 59' lang='lat' dir='ltr'><strong>adstruatur,</strong></span> <span class='ocrx_word' id='word_1_100' title='bbox 1015 1616 1120 1677; x_wconf 83' lang='lat' dir='ltr'><strong>deinde</strong></span> <span class='ocrx_word' id='word_1_101' title='bbox 1154 1615 1226 1676; x_wconf 89' lang='lat' dir='ltr'><strong>lalso</strong></span> <span class='ocrx_word' id='word_1_102' title='bbox 1260 1614 1315 1690; x_wconf 85' lang='lat' dir='ltr'><strong>legi</strong></span> 
     </span>
     <span class='ocr_line' id='line_1_14' title="bbox 169 1712 1317 1797; baseline -0.005 -18"><span class='ocrx_word' id='word_1_103' title='bbox 169 1720 288 1797; x_wconf 79' lang='lat' dir='ltr'><strong>proiecit</strong></span> <span class='ocrx_word' id='word_1_104' title='bbox 309 1714 484 1796; x_wconf 84' lang='lat' dir='ltr'><strong>perlectum,</strong></span> <span class='ocrx_word' id='word_1_105' title='bbox 518 1722 596 1776; x_wconf 92' lang='lat' dir='ltr'><strong>recte</strong></span> <span class='ocrx_word' id='word_1_106' title='bbox 619 1732 758 1796; x_wconf 86' lang='lat' dir='ltr'><strong>praesens</strong></span> <span class='ocrx_word' id='word_1_107' title='bbox 780 1716 852 1785; x_wconf 80' lang='lat' dir='ltr'><strong>eicit,</strong></span> <span class='ocrx_word' id='word_1_108' title='bbox 886 1714 970 1775; x_wconf 91' lang='lat' dir='ltr'><strong>testis</strong></span> <span class='ocrx_word' id='word_1_109' title='bbox 993 1714 1127 1775; x_wconf 90' lang='lat' dir='ltr'><strong>sincerus</strong></span> <span class='ocrx_word' id='word_1_110' title='bbox 1149 1712 1317 1774; x_wconf 82' lang='lat' dir='ltr'><strong>destestatur</strong></span> 
     </span>
     <span class='ocr_line' id='line_1_15' title="bbox 172 1810 1315 1894; baseline -0.004 -18"><span class='ocrx_word' id='word_1_111' title='bbox 172 1814 309 1894; x_wconf 84' lang='lat' dir='ltr'><strong>estquod</strong></span> <span class='ocrx_word' id='word_1_112' title='bbox 325 1812 527 1892; x_wconf 85' lang='lat' dir='ltr'><strong>subsequitur.</strong></span> <span class='ocrx_word' id='word_1_113' title='bbox 567 1812 639 1874; x_wconf 86' lang='lat' dir='ltr'><strong>lllud</strong></span> <span class='ocrx_word' id='word_1_114' title='bbox 663 1827 732 1872; x_wconf 89' lang='lat' dir='ltr'><strong>vero</strong></span> <span class='ocrx_word' id='word_1_115' title='bbox 755 1815 875 1874; x_wconf 78' lang='lat' dir='ltr'><strong>meritos</strong></span> <span class='ocrx_word' id='word_1_116' title='bbox 889 1810 961 1873; x_wconf 80' lang='lat' dir='ltr'><strong>nibil</strong></span> <span class='ocrx_word' id='word_1_117' title='bbox 983 1830 1042 1892; x_wconf 89' lang='lat' dir='ltr'><strong>quo</strong></span> <span class='ocrx_word' id='word_1_118' title='bbox 1066 1831 1081 1871; x_wconf 89' lang='lat' dir='ltr'><strong>a</strong></span> <span class='ocrx_word' id='word_1_119' title='bbox 1104 1811 1175 1871; x_wconf 84' lang='lat' dir='ltr'><strong>nibil</strong></span> <span class='ocrx_word' id='word_1_120' title='bbox 1197 1812 1315 1871; x_wconf 72' lang='lat' dir='ltr'><strong>merolus</strong></span> 
     </span>
     <span class='ocr_line' id='line_1_16' title="bbox 173 1906 1315 1995; baseline -0.002 -24"><span class='ocrx_word' id='word_1_121' title='bbox 173 1906 253 1985; x_wconf 84' lang='lat' dir='ltr'><strong>(liet.</strong></span> <span class='ocrx_word' id='word_1_122' title='bbox 270 1910 295 1972; x_wconf 95' lang='lat' dir='ltr'><strong>ll</strong></span> <span class='ocrx_word' id='word_1_123' title='bbox 312 1910 386 1983; x_wconf 78' lang='grc'>707)</span> <span class='ocrx_word' id='word_1_124' title='bbox 408 1910 523 1972; x_wconf 88' lang='lat' dir='ltr'><strong>dillerat</strong></span> <span class='ocrx_word' id='word_1_125' title='bbox 546 1929 600 1989; x_wconf 84' lang='lat' dir='ltr'><strong>ego</strong></span> <span class='ocrx_word' id='word_1_126' title='bbox 617 1910 736 1991; x_wconf 87' lang='lat' dir='ltr'><strong>quidem</strong></span> <span class='ocrx_word' id='word_1_127' title='bbox 759 1928 821 1971; x_wconf 92' lang='lat' dir='ltr'><strong>non</strong></span> <span class='ocrx_word' id='word_1_128' title='bbox 844 1909 914 1972; x_wconf 88' lang='lat' dir='ltr'><strong>satis</strong></span> <span class='ocrx_word' id='word_1_129' title='bbox 937 1917 1062 1995; x_wconf 74' lang='lat' dir='ltr'><strong>nascitus</strong></span> <span class='ocrx_word' id='word_1_130' title='bbox 1085 1910 1120 1970; x_wconf 92' lang='lat' dir='ltr'><strong>ad</strong></span> <span class='ocrx_word' id='word_1_131' title='bbox 1142 1908 1315 1989; x_wconf 81' lang='lat' dir='ltr'><strong>intellegen-</strong></span> 
     </span>
     <span class='ocr_line' id='line_1_17' title="bbox 172 2007 1348 2091; baseline -0.004 -19"><span class='ocrx_word' id='word_1_132' title='bbox 172 2010 243 2072; x_wconf 88' lang='lat' dir='ltr'><strong>dum</strong></span> <span class='ocrx_word' id='word_1_133' title='bbox 265 2028 343 2072; x_wconf 87' lang='lat' dir='ltr'><strong>snnr.</strong></span> <span class='ocrx_word' id='word_1_134' title='bbox 380 2008 514 2088; x_wconf 85' lang='lat' dir='ltr'><strong>Denique</strong></span> <span class='ocrx_word' id='word_1_135' title='bbox 538 2010 677 2071; x_wconf 70' lang='lat' dir='ltr'><strong>clamorem·</strong></span> <span class='ocrx_word' id='word_1_136' title='bbox 697 2014 815 2072; x_wconf 78' lang='lat' dir='ltr'><strong>crt&#39;mr&#39;ne</strong></span> <span class='ocrx_word' id='word_1_137' title='bbox 830 2030 883 2091; x_wconf 87' lang='lat' dir='ltr'><strong>pro</strong></span> <span class='ocrx_word' id='word_1_138' title='bbox 907 2013 1040 2072; x_wconf 72' lang='lat' dir='ltr'><strong>occuram·</strong></span> <span class='ocrx_word' id='word_1_139' title='bbox 1060 2009 1147 2071; x_wconf 89' lang='lat' dir='ltr'><strong>etiarn</strong></span> <span class='ocrx_word' id='word_1_140' title='bbox 1171 2007 1202 2068; x_wconf 95' lang='lat' dir='ltr'><strong>in</strong></span> <span class='ocrx_word' id='word_1_141' title='bbox 1218 2007 1315 2069; x_wconf 85' lang='lat' dir='ltr'><strong>Fastis</strong></span> <span class='ocrx_word' id='word_1_142' title='bbox 1346 2038 1348 2042; x_wconf 16' lang='grc' dir='ltr'><em>Α</em></span> 
     </span>
     <span class='ocr_line' id='line_1_18' title="bbox 173 2106 1315 2190; baseline -0.001 -21"><span class='ocrx_word' id='word_1_143' title='bbox 173 2107 294 2171; x_wconf 84' lang='lat' dir='ltr'><strong>Ovidius</strong></span> <span class='ocrx_word' id='word_1_144' title='bbox 310 2106 429 2187; x_wconf 90' lang='lat' dir='ltr'><strong>scripsit</strong></span> <span class='ocrx_word' id='word_1_145' title='bbox 445 2110 466 2169; x_wconf 82' lang='lat' dir='ltr'>V</span> <span class='ocrx_word' id='word_1_146' title='bbox 481 2107 542 2170; x_wconf 79' lang='lat'><strong>624</strong></span> <span class='ocrx_word' id='word_1_147' title='bbox 559 2118 587 2170; x_wconf 92' lang='lat' dir='ltr'><strong>et</strong></span> <span class='ocrx_word' id='word_1_148' title='bbox 601 2110 637 2170; x_wconf 84' lang='lat' dir='ltr'><strong>Vl</strong></span> <span class='ocrx_word' id='word_1_149' title='bbox 655 2108 723 2170; x_wconf 85' lang='lat'>189.</span> <span class='ocrx_word' id='word_1_150' title='bbox 762 2110 960 2190; x_wconf 91' lang='lat' dir='ltr'><strong>interpolator</strong></span> <span class='ocrx_word' id='word_1_151' title='bbox 975 2119 1074 2172; x_wconf 90' lang='lat' dir='ltr'><strong>autem</strong></span> <span class='ocrx_word' id='word_1_152' title='bbox 1091 2128 1199 2171; x_wconf 91' lang='lat' dir='ltr'><strong>sonum</strong></span> <span class='ocrx_word' id='word_1_153' title='bbox 1223 2109 1315 2169; x_wconf 90' lang='lat' dir='ltr'><strong>simu-</strong></span> 
     </span>
     <span class='ocr_line' id='line_1_19' title="bbox 171 2204 1316 2288; baseline -0.002 -21"><span class='ocrx_word' id='word_1_154' title='bbox 171 2206 241 2268; x_wconf 89' lang='lat' dir='ltr'><strong>lavit</strong></span> <span class='ocrx_word' id='word_1_155' title='bbox 261 2204 454 2279; x_wconf 75' lang='lat' dir='ltr'><strong>Ouidianum,</strong></span> <span class='ocrx_word' id='word_1_156' title='bbox 477 2207 512 2268; x_wconf 90' lang='lat' dir='ltr'><strong>cl.</strong></span> <span class='ocrx_word' id='word_1_157' title='bbox 530 2204 621 2269; x_wconf 76' lang='lat' dir='ltr'><strong>&#39;l&#39;rist</strong></span> <span class='ocrx_word' id='word_1_158' title='bbox 638 2206 740 2268; x_wconf 78' lang='lat'><strong>11327</strong></span> <span class='ocrx_word' id='word_1_159' title='bbox 757 2208 872 2288; x_wconf 75' lang='lat' dir='ltr'><strong>Arpuor</strong></span> <span class='ocrx_word' id='word_1_160' title='bbox 893 2211 1040 2271; x_wconf 71' lang='lat' dir='ltr'><strong>immerito.</strong></span> <span class='ocrx_word' id='word_1_161' title='bbox 1080 2208 1162 2281; x_wconf 84' lang='lat' dir='ltr'><strong>Quae</strong></span> <span class='ocrx_word' id='word_1_162' title='bbox 1185 2224 1253 2268; x_wconf 90' lang='lat' dir='ltr'><strong>curn</strong></span> <span class='ocrx_word' id='word_1_163' title='bbox 1276 2206 1316 2266; x_wconf 84' lang='lat' dir='ltr'><strong>ita</strong></span> 
     </span>
     <span class='ocr_line' id='line_1_20' title="bbox 172 2304 1315 2386; baseline -0.002 -21"><span class='ocrx_word' id='word_1_164' title='bbox 172 2306 242 2377; x_wconf 90' lang='lat' dir='ltr'><strong>sint,</strong></span> <span class='ocrx_word' id='word_1_165' title='bbox 265 2304 387 2367; x_wconf 85' lang='lat' dir='ltr'><strong>Ovidius</strong></span> <span class='ocrx_word' id='word_1_166' title='bbox 404 2323 499 2385; x_wconf 90' lang='lat' dir='ltr'><strong>neque</strong></span> <span class='ocrx_word' id='word_1_167' title='bbox 514 2308 670 2368; x_wconf 86' lang='lat' dir='ltr'><strong>lectionem</strong></span> <span class='ocrx_word' id='word_1_168' title='bbox 693 2307 724 2368; x_wconf 94' lang='lat' dir='ltr'><strong>in</strong></span> <span class='ocrx_word' id='word_1_169' title='bbox 741 2306 808 2367; x_wconf 87' lang='lat' dir='ltr'><strong>lllet.</strong></span> <span class='ocrx_word' id='word_1_170' title='bbox 824 2307 873 2366; x_wconf 88' lang='lat' dir='ltr'><strong>XV</strong></span> <span class='ocrx_word' id='word_1_171' title='bbox 890 2308 1111 2386; x_wconf 68' lang='lat' dir='ltr'><strong>consurgerem</strong></span> <span class='ocrx_word' id='word_1_172' title='bbox 1133 2325 1231 2385; x_wconf 89' lang='lat' dir='ltr'><strong>neque</strong></span> <span class='ocrx_word' id='word_1_173' title='bbox 1246 2323 1315 2364; x_wconf 92' lang='lat' dir='ltr'><strong>vero</strong></span> 
     </span>
     <span class='ocr_line' id='line_1_21' title="bbox 172 2402 1316 2485; baseline -0.002 -20"><span class='ocrx_word' id='word_1_174' title='bbox 172 2405 235 2484; x_wconf 86' lang='lat' dir='ltr'><strong>ipsa</strong></span> <span class='ocrx_word' id='word_1_175' title='bbox 249 2402 410 2466; x_wconf 88' lang='lat' dir='ltr'><strong>llalieutica</strong></span> <span class='ocrx_word' id='word_1_176' title='bbox 426 2405 554 2484; x_wconf 88' lang='lat' dir='ltr'><strong>scripsit,</strong></span> <span class='ocrx_word' id='word_1_177' title='bbox 569 2406 600 2467; x_wconf 91' lang='lat' dir='ltr'><strong>in</strong></span> <span class='ocrx_word' id='word_1_178' title='bbox 617 2405 724 2485; x_wconf 90' lang='lat' dir='ltr'><strong>quibus</strong></span> <span class='ocrx_word' id='word_1_179' title='bbox 740 2404 786 2467; x_wconf 92' lang='lat' dir='ltr'><strong>bis</strong></span> <span class='ocrx_word' id='word_1_180' title='bbox 802 2404 823 2464; x_wconf 85' lang='lat' dir='ltr'>F</span> <span class='ocrx_word' id='word_1_181' title='bbox 839 2406 876 2467; x_wconf 85' lang='lat' dir='ltr'><strong>lv</strong></span> <span class='ocrx_word' id='word_1_182' title='bbox 891 2404 998 2484; x_wconf 82' lang='lat' dir='ltr'><strong>legitur</strong></span> <span class='ocrx_word' id='word_1_183' title='bbox 1014 2418 1043 2466; x_wconf 84' lang='lat' dir='ltr'><strong>et</strong></span> <span class='ocrx_word' id='word_1_184' title='bbox 1059 2424 1084 2466; x_wconf 86' lang='lat' dir='ltr'><strong>v.</strong></span> <span class='ocrx_word' id='word_1_185' title='bbox 1101 2406 1136 2465; x_wconf 87' lang='lat' dir='ltr'><strong>li</strong></span> <span class='ocrx_word' id='word_1_186' title='bbox 1156 2413 1186 2465; x_wconf 89' lang='lat' dir='ltr'><strong>et</strong></span> <span class='ocrx_word' id='word_1_187' title='bbox 1202 2424 1228 2465; x_wconf 95' lang='lat' dir='ltr'><strong>v.</strong></span> <span class='ocrx_word' id='word_1_188' title='bbox 1247 2404 1316 2476; x_wconf 82' lang='lat'><strong>104,</strong></span> 
     </span>
     <span class='ocr_line' id='line_1_22' title="bbox 174 2500 463 2564; baseline 0.01 -3"><span class='ocrx_word' id='word_1_189' title='bbox 174 2502 197 2561; x_wconf 67' lang='lat' dir='ltr'><strong>l*</strong></span> <span class='ocrx_word' id='word_1_190' title='bbox 212 2502 232 2562; x_wconf 77' lang='grc'>0</span> <span class='ocrx_word' id='word_1_191' title='bbox 256 2500 348 2564; x_wconf 90' lang='lat' dir='ltr'><strong>sernel</strong></span> <span class='ocrx_word' id='word_1_192' title='bbox 370 2521 396 2562; x_wconf 90' lang='lat' dir='ltr'><strong>v.</strong></span> <span class='ocrx_word' id='word_1_193' title='bbox 413 2500 463 2564; x_wconf 82' lang='lat'><strong>42.</strong></span> 
     </span>
    </p>

    <p class='ocr_par' dir='ltr' id='par_1_6' title="bbox 173 2594 1316 2780">
     <span class='ocr_line' id='line_1_23' title="bbox 259 2594 1316 2682; baseline 0.001 -22"><span class='ocrx_word' id='word_1_194' title='bbox 259 2596 358 2661; x_wconf 86' lang='lat' dir='ltr'><strong>Paullo</strong></span> <span class='ocrx_word' id='word_1_195' title='bbox 377 2600 462 2663; x_wconf 89' lang='lat' dir='ltr'><strong>aliter</strong></span> <span class='ocrx_word' id='word_1_196' title='bbox 473 2601 509 2662; x_wconf 92' lang='lat' dir='ltr'><strong>de</strong></span> <span class='ocrx_word' id='word_1_197' title='bbox 522 2606 661 2680; x_wconf 86' lang='lat' dir='ltr'><strong>quattuor</strong></span> <span class='ocrx_word' id='word_1_198' title='bbox 679 2600 787 2681; x_wconf 83' lang='lat' dir='ltr'><strong>eclogis</strong></span> <span class='ocrx_word' id='word_1_199' title='bbox 803 2594 973 2672; x_wconf 84' lang='lat' dir='ltr'><strong>Nemesiani</strong></span> <span class='ocrx_word' id='word_1_200' title='bbox 990 2601 1135 2682; x_wconf 84' lang='lat' dir='ltr'><strong>agendum</strong></span> <span class='ocrx_word' id='word_1_201' title='bbox 1154 2620 1218 2662; x_wconf 89' lang='lat' dir='ltr'><strong>esse</strong></span> <span class='ocrx_word' id='word_1_202' title='bbox 1237 2598 1316 2680; x_wconf 87' lang='lat' dir='ltr'><strong>quod</strong></span> 
     </span>
     <span class='ocr_line' id='line_1_24' title="bbox 173 2696 1315 2780; baseline -0.002 -19"><span class='ocrx_word' id='word_1_203' title='bbox 173 2714 279 2762; x_wconf 81' lang='lat' dir='ltr'><strong>censeo</strong></span> <span class='ocrx_word' id='word_1_204' title='bbox 301 2716 339 2762; x_wconf 91' lang='lat' dir='ltr'><strong>ne</strong></span> <span class='ocrx_word' id='word_1_205' title='bbox 361 2696 489 2762; x_wconf 89' lang='lat' dir='ltr'><strong>mireris.</strong></span> <span class='ocrx_word' id='word_1_206' title='bbox 535 2696 653 2762; x_wconf 84' lang='lat' dir='ltr'><strong>Scilicet</strong></span> <span class='ocrx_word' id='word_1_207' title='bbox 675 2701 773 2763; x_wconf 90' lang='lat' dir='ltr'><strong>locum</strong></span> <span class='ocrx_word' id='word_1_208' title='bbox 797 2699 970 2780; x_wconf 90' lang='lat' dir='ltr'><strong>turpissime</strong></span> <span class='ocrx_word' id='word_1_209' title='bbox 992 2698 1135 2762; x_wconf 90' lang='lat' dir='ltr'><strong>traditum</strong></span> <span class='ocrx_word' id='word_1_210' title='bbox 1152 2697 1179 2758; x_wconf 95' lang='lat' dir='ltr'><strong>ll</strong></span> <span class='ocrx_word' id='word_1_211' title='bbox 1198 2696 1263 2778; x_wconf 82' lang='lat' dir='ltr'><strong>(rx)</strong></span> <span class='ocrx_word' id='word_1_212' title='bbox 1280 2698 1315 2759; x_wconf 82' lang='lat'><strong>9:</strong></span> 
     </span>
    </p>
   </div>
   <div class='ocr_carea' id='block_1_6' title="bbox 272 2811 1147 2988">
    <p class='ocr_par' dir='ltr' id='par_1_7' title="bbox 272 2811 1147 2988">
     <span class='ocr_line' id='line_1_25' title="bbox 272 2811 1147 2891; baseline 0.01 -20"><span class='ocrx_word' id='word_1_213' title='bbox 272 2811 348 2872; x_wconf 87' lang='lat' dir='ltr'><strong>Hinc</strong></span> <span class='ocrx_word' id='word_1_214' title='bbox 370 2828 455 2873; x_wconf 87' lang='lat' dir='ltr'><strong>amor</strong></span> <span class='ocrx_word' id='word_1_215' title='bbox 475 2821 507 2873; x_wconf 87' lang='lat' dir='ltr'><strong>et</strong></span> <span class='ocrx_word' id='word_1_216' title='bbox 527 2812 629 2890; x_wconf 90' lang='lat' dir='ltr'><strong>pueris</strong></span> <span class='ocrx_word' id='word_1_217' title='bbox 651 2812 712 2872; x_wconf 85' lang='lat' dir='ltr'><strong>ianr</strong></span> <span class='ocrx_word' id='word_1_218' title='bbox 733 2826 796 2872; x_wconf 90' lang='lat' dir='ltr'><strong>non</strong></span> <span class='ocrx_word' id='word_1_219' title='bbox 818 2814 942 2891; x_wconf 84' lang='lat' dir='ltr'><strong>puerilia</strong></span> <span class='ocrx_word' id='word_1_220' title='bbox 964 2823 1030 2874; x_wconf 89' lang='lat' dir='ltr'><strong>vota</strong></span> <span class='ocrx_word' id='word_1_221' title='bbox 1144 2870 1147 2880; x_wconf 93' lang='grc'><em>,</em></span> 
     </span>
     <span class='ocr_line' id='line_1_26' title="bbox 273 2908 1116 2988; baseline 0.005 -21"><span class='ocrx_word' id='word_1_222' title='bbox 273 2909 345 2979; x_wconf 83' lang='lat' dir='ltr'><strong>Quis</strong></span> <span class='ocrx_word' id='word_1_223' title='bbox 368 2909 437 2968; x_wconf 89' lang='lat' dir='ltr'><strong>anni</strong></span> <span class='ocrx_word' id='word_1_224' title='bbox 458 2917 503 2968; x_wconf 89' lang='lat' dir='ltr'><strong>ter</strong></span> <span class='ocrx_word' id='word_1_225' title='bbox 526 2909 658 2988; x_wconf 89' lang='lat' dir='ltr'><strong>quinque</strong></span> <span class='ocrx_word' id='word_1_226' title='bbox 681 2908 814 2971; x_wconf 82' lang='lat' dir='ltr'><strong>*hiemes</strong></span> <span class='ocrx_word' id='word_1_227' title='bbox 837 2920 866 2972; x_wconf 88' lang='lat' dir='ltr'><strong>et</strong></span> <span class='ocrx_word' id='word_1_228' title='bbox 885 2929 957 2972; x_wconf 89' lang='lat' dir='ltr'><strong>cura</strong></span> <span class='ocrx_word' id='word_1_229' title='bbox 979 2912 1116 2973; x_wconf 88' lang='lat' dir='ltr'><strong>iuventae</strong></span> 
     </span>
    </p>
   </div>
   <div class='ocr_carea' id='block_1_7' title="bbox 173 3015 1067 3211">
    <p class='ocr_par' dir='ltr' id='par_1_8' title="bbox 173 3015 1067 3211">
     <span class='ocr_line' id='line_1_27' title="bbox 173 3015 1037 3099; baseline 0.006 -24"><span class='ocrx_word' id='word_1_230' title='bbox 173 3017 214 3076; x_wconf 89' lang='lat' dir='ltr'><strong>ita</strong></span> <span class='ocrx_word' id='word_1_231' title='bbox 235 3015 271 3076; x_wconf 89' lang='lat' dir='ltr'><strong>ad</strong></span> <span class='ocrx_word' id='word_1_232' title='bbox 294 3016 354 3076; x_wconf 83' lang='lat' dir='ltr'><strong>FV</strong></span> <span class='ocrx_word' id='word_1_233' title='bbox 377 3016 599 3080; x_wconf 86' lang='lat' dir='ltr'><strong>conformatam</strong></span> <span class='ocrx_word' id='word_1_234' title='bbox 620 3019 712 3081; x_wconf 85' lang='lat' dir='ltr'><strong>luisse</strong></span> <span class='ocrx_word' id='word_1_235' title='bbox 732 3037 907 3099; x_wconf 87' lang='lat' dir='ltr'><strong>persuasum</strong></span> <span class='ocrx_word' id='word_1_236' title='bbox 929 3021 1037 3082; x_wconf 90' lang='lat' dir='ltr'><strong>habeo:</strong></span> 
     </span>
     <span class='ocr_line' id='line_1_28' title="bbox 275 3127 1067 3211; baseline 0.008 -23"><span class='ocrx_word' id='word_1_237' title='bbox 275 3127 348 3200; x_wconf 83' lang='lat' dir='ltr'><strong>Quis</strong></span> <span class='ocrx_word' id='word_1_238' title='bbox 369 3127 441 3191; x_wconf 88' lang='lat' dir='ltr'><strong>anni</strong></span> <span class='ocrx_word' id='word_1_239' title='bbox 462 3136 508 3191; x_wconf 88' lang='lat' dir='ltr'><strong>ter</strong></span> <span class='ocrx_word' id='word_1_240' title='bbox 530 3129 674 3211; x_wconf 88' lang='lat' dir='ltr'><strong>quinque,</strong></span> <span class='ocrx_word' id='word_1_241' title='bbox 696 3130 811 3193; x_wconf 86' lang='lat' dir='ltr'><strong>biennis</strong></span> <span class='ocrx_word' id='word_1_242' title='bbox 833 3151 904 3197; x_wconf 91' lang='lat' dir='ltr'><strong>cura</strong></span> <span class='ocrx_word' id='word_1_243' title='bbox 926 3133 1067 3195; x_wconf 88' lang='lat' dir='ltr'><strong>iuvencae</strong></span> 
     </span>
    </p>
   </div>
   <div class='ocr_carea' id='block_1_8' title="bbox 174 3239 1346 4505">
    <p class='ocr_par' dir='ltr' id='par_1_9' title="bbox 174 3239 1317 3797">
     <span class='ocr_line' id='line_1_29' title="bbox 175 3239 1317 3323; baseline -0.001 -23"><span class='ocrx_word' id='word_1_244' title='bbox 175 3242 213 3315; x_wconf 81' lang='lat' dir='ltr'><strong>(ct</strong></span> <span class='ocrx_word' id='word_1_245' title='bbox 235 3239 335 3301; x_wconf 89' lang='lat' dir='ltr'><strong>vocula</strong></span> <span class='ocrx_word' id='word_1_246' title='bbox 358 3240 397 3301; x_wconf 90' lang='lat' dir='ltr'><strong>ita</strong></span> <span class='ocrx_word' id='word_1_247' title='bbox 420 3239 550 3321; x_wconf 88' lang='lat' dir='ltr'><strong>inrepsit</strong></span> <span class='ocrx_word' id='word_1_248' title='bbox 571 3250 606 3304; x_wconf 87' lang='lat' dir='ltr'><strong>ut</strong></span> <span class='ocrx_word' id='word_1_249' title='bbox 627 3262 654 3304; x_wconf 91' lang='lat' dir='ltr'><strong>v.</strong></span> <span class='ocrx_word' id='word_1_250' title='bbox 671 3243 722 3317; x_wconf 82' lang='lat'><strong>51,</strong></span> <span class='ocrx_word' id='word_1_251' title='bbox 746 3241 796 3305; x_wconf 90' lang='lat' dir='ltr'><strong>ubi</strong></span> <span class='ocrx_word' id='word_1_252' title='bbox 812 3262 866 3323; x_wconf 92' lang='lat' dir='ltr'><strong>pro</strong></span> <span class='ocrx_word' id='word_1_253' title='bbox 881 3244 949 3305; x_wconf 86' lang='lat' dir='ltr'><strong>deos</strong></span> <span class='ocrx_word' id='word_1_254' title='bbox 969 3253 996 3305; x_wconf 81' lang='lat' dir='ltr'><strong>et</strong></span> <span class='ocrx_word' id='word_1_255' title='bbox 1018 3253 1081 3304; x_wconf 81' lang='lat' dir='ltr'><strong>suto</strong></span> <span class='ocrx_word' id='word_1_256' title='bbox 1094 3241 1208 3303; x_wconf 81' lang='lat' dir='ltr'><strong>felicius</strong></span> <span class='ocrx_word' id='word_1_257' title='bbox 1230 3240 1317 3301; x_wconf 87' lang='lat' dir='ltr'><strong>solito</strong></span> 
     </span>
     <span class='ocr_line' id='line_1_30' title="bbox 175 3337 1316 3421; baseline 0.001 -24"><span class='ocrx_word' id='word_1_258' title='bbox 175 3337 330 3400; x_wconf 79' lang='lat' dir='ltr'><strong>Glaeserua</strong></span> <span class='ocrx_word' id='word_1_259' title='bbox 351 3338 456 3401; x_wconf 85' lang='lat' dir='ltr'><strong>refecit</strong></span> <span class='ocrx_word' id='word_1_260' title='bbox 471 3340 531 3403; x_wconf 71' lang='lat' dir='ltr'><strong>lico</strong></span> <span class='ocrx_word' id='word_1_261' title='bbox 552 3344 646 3418; x_wconf 78' lang='lat' dir='ltr'><strong>ratu);</strong></span> <span class='ocrx_word' id='word_1_262' title='bbox 666 3360 736 3403; x_wconf 84' lang='lat' dir='ltr'><strong>nam</strong></span> <span class='ocrx_word' id='word_1_263' title='bbox 758 3341 826 3403; x_wconf 88' lang='lat' dir='ltr'><strong>licet</strong></span> <span class='ocrx_word' id='word_1_264' title='bbox 847 3342 879 3403; x_wconf 91' lang='lat' dir='ltr'><strong>in</strong></span> <span class='ocrx_word' id='word_1_265' title='bbox 901 3342 1009 3421; x_wconf 82' lang='lat' dir='ltr'><strong>eclogia</strong></span> <span class='ocrx_word' id='word_1_266' title='bbox 1031 3341 1077 3403; x_wconf 90' lang='lat' dir='ltr'><strong>bis</strong></span> <span class='ocrx_word' id='word_1_267' title='bbox 1099 3359 1162 3403; x_wconf 92' lang='lat' dir='ltr'><strong>non</strong></span> <span class='ocrx_word' id='word_1_268' title='bbox 1185 3347 1316 3400; x_wconf 79' lang='lat' dir='ltr'><strong>recurrat</strong></span> 
     </span>
     <span class='ocr_line' id='line_1_31' title="bbox 174 3436 1317 3520; baseline 0.002 -25"><span class='ocrx_word' id='word_1_269' title='bbox 174 3436 244 3504; x_wconf 80' lang='lat' dir='ltr'><strong>FV,</strong></span> <span class='ocrx_word' id='word_1_270' title='bbox 268 3437 395 3500; x_wconf 81' lang='lat' dir='ltr'><strong>recurrit</strong></span> <span class='ocrx_word' id='word_1_271' title='bbox 417 3457 454 3500; x_wconf 86' lang='lat' dir='ltr'><strong>ea</strong></span> <span class='ocrx_word' id='word_1_272' title='bbox 474 3439 508 3501; x_wconf 88' lang='lat' dir='ltr'><strong>in</strong></span> <span class='ocrx_word' id='word_1_273' title='bbox 530 3439 714 3520; x_wconf 73' lang='lat' dir='ltr'><strong>cynegeticis</strong></span> <span class='ocrx_word' id='word_1_274' title='bbox 738 3441 871 3503; x_wconf 86' lang='lat' dir='ltr'><strong>eiusdem</strong></span> <span class='ocrx_word' id='word_1_275' title='bbox 894 3461 919 3502; x_wconf 91' lang='lat' dir='ltr'><strong>v.</strong></span> <span class='ocrx_word' id='word_1_276' title='bbox 938 3441 956 3502; x_wconf 90' lang='lat'>8</span> <span class='ocrx_word' id='word_1_277' title='bbox 977 3450 1007 3502; x_wconf 86' lang='lat' dir='ltr'><strong>et</strong></span> <span class='ocrx_word' id='word_1_278' title='bbox 1024 3442 1084 3502; x_wconf 85' lang='lat' dir='ltr'><strong>llll</strong></span> <span class='ocrx_word' id='word_1_279' title='bbox 1107 3449 1137 3501; x_wconf 89' lang='lat' dir='ltr'><strong>et</strong></span> <span class='ocrx_word' id='word_1_280' title='bbox 1159 3438 1230 3500; x_wconf 85' lang='grc'>300.</span> <span class='ocrx_word' id='word_1_281' title='bbox 1275 3437 1317 3498; x_wconf 77' lang='lat' dir='ltr'><strong>lta</strong></span> 
     </span>
     <span class='ocr_line' id='line_1_32' title="bbox 175 3535 1316 3619; baseline -0.001 -24"><span class='ocrx_word' id='word_1_282' title='bbox 175 3536 266 3596; x_wconf 86' lang='lat' dir='ltr'><strong>semel</strong></span> <span class='ocrx_word' id='word_1_283' title='bbox 298 3537 387 3598; x_wconf 79' lang='lat' dir='ltr'><strong>etiam</strong></span> <span class='ocrx_word' id='word_1_284' title='bbox 421 3536 538 3617; x_wconf 84' lang='lat' dir='ltr'><strong>planam</strong></span> <span class='ocrx_word' id='word_1_285' title='bbox 561 3539 624 3600; x_wconf 71' lang='grc' dir='ltr'><strong>ΡΠ</strong></span> <span class='ocrx_word' id='word_1_286' title='bbox 646 3539 768 3602; x_wconf 86' lang='lat' dir='ltr'><strong>eaedem</strong></span> <span class='ocrx_word' id='word_1_287' title='bbox 791 3541 910 3619; x_wconf 78' lang='lat' dir='ltr'><strong>eclogae</strong></span> <span class='ocrx_word' id='word_1_288' title='bbox 943 3538 1120 3619; x_wconf 88' lang='lat' dir='ltr'><strong>praebentl</strong></span> <span class='ocrx_word' id='word_1_289' title='bbox 1148 3537 1238 3615; x_wconf 76' lang='lat' dir='ltr'><strong>(Vlll)</strong></span> <span class='ocrx_word' id='word_1_290' title='bbox 1264 3535 1316 3605; x_wconf 76' lang='lat'><strong>52,</strong></span> 
     </span>
     <span class='ocr_line' id='line_1_33' title="bbox 175 3632 1317 3719; baseline -0.001 -26"><span class='ocrx_word' id='word_1_291' title='bbox 175 3633 299 3696; x_wconf 85' lang='lat' dir='ltr'><strong>alienam</strong></span> <span class='ocrx_word' id='word_1_292' title='bbox 326 3652 391 3697; x_wconf 88' lang='lat' dir='ltr'><strong>eam</strong></span> <span class='ocrx_word' id='word_1_293' title='bbox 415 3656 432 3696; x_wconf 90' lang='lat' dir='ltr'><strong>a</strong></span> <span class='ocrx_word' id='word_1_294' title='bbox 453 3637 627 3718; x_wconf 72' lang='lat' dir='ltr'><strong>Calpurnio,</strong></span> <span class='ocrx_word' id='word_1_295' title='bbox 655 3639 706 3719; x_wconf 87' lang='lat' dir='ltr'><strong>qui</strong></span> <span class='ocrx_word' id='word_1_296' title='bbox 728 3637 790 3700; x_wconf 85' lang='lat' dir='ltr'><strong>vv</strong></span> <span class='ocrx_word' id='word_1_297' title='bbox 813 3647 859 3700; x_wconf 86' lang='lat' dir='ltr'><strong>ter</strong></span> <span class='ocrx_word' id='word_1_298' title='bbox 881 3637 1001 3700; x_wconf 84' lang='lat' dir='ltr'><strong>exbibet</strong></span> <span class='ocrx_word' id='word_1_299' title='bbox 1023 3637 1122 3699; x_wconf 73' lang='lat'>1146.</span> <span class='ocrx_word' id='word_1_300' title='bbox 1149 3637 1173 3696; x_wconf 83' lang='lat' dir='ltr'><strong>v</strong></span> <span class='ocrx_word' id='word_1_301' title='bbox 1195 3635 1244 3694; x_wconf 83' lang='lat' dir='ltr'><strong>lv.</strong></span> <span class='ocrx_word' id='word_1_302' title='bbox 1267 3632 1317 3705; x_wconf 82' lang='lat'><strong>61,</strong></span> 
     </span>
     <span class='ocr_line' id='line_1_34' title="bbox 174 3732 460 3797; baseline 0.017 -5"><span class='ocrx_word' id='word_1_303' title='bbox 174 3732 248 3794; x_wconf 84' lang='lat' dir='ltr'><strong>FlV</strong></span> <span class='ocrx_word' id='word_1_304' title='bbox 264 3735 357 3796; x_wconf 88' lang='lat' dir='ltr'><strong>semel</strong></span> <span class='ocrx_word' id='word_1_305' title='bbox 371 3736 393 3794; x_wconf 87' lang='lat' dir='ltr'>V</span> <span class='ocrx_word' id='word_1_306' title='bbox 409 3735 460 3797; x_wconf 76' lang='lat'><strong>46.</strong></span> 
     </span>
    </p>

    <p class='ocr_par' dir='ltr' id='par_1_10' title="bbox 174 3829 1346 4505">
     <span class='ocr_line' id='line_1_35' title="bbox 260 3829 1317 3915; baseline 0 -23"><span class='ocrx_word' id='word_1_307' title='bbox 260 3832 355 3896; x_wconf 78' lang='lat' dir='ltr'><strong>Etiam</strong></span> <span class='ocrx_word' id='word_1_308' title='bbox 378 3834 438 3896; x_wconf 89' lang='lat' dir='ltr'><strong>hoc</strong></span> <span class='ocrx_word' id='word_1_309' title='bbox 458 3844 667 3915; x_wconf 65' lang='lat' dir='ltr'><strong>armamentum</strong></span> <span class='ocrx_word' id='word_1_310' title='bbox 690 3835 796 3897; x_wconf 79' lang='lat' dir='ltr'><strong>liducia</strong></span> <span class='ocrx_word' id='word_1_311' title='bbox 827 3836 939 3898; x_wconf 88' lang='lat' dir='ltr'><strong>maiore</strong></span> <span class='ocrx_word' id='word_1_312' title='bbox 965 3835 1057 3897; x_wconf 88' lang='lat' dir='ltr'><strong>itero:</strong></span> <span class='ocrx_word' id='word_1_313' title='bbox 1092 3832 1214 3894; x_wconf 84' lang='lat' dir='ltr'><strong>Ovidius</strong></span> <span class='ocrx_word' id='word_1_314' title='bbox 1236 3829 1317 3892; x_wconf 90' lang='lat' dir='ltr'><strong>enim</strong></span> 
     </span>
     <span class='ocr_line' id='line_1_36' title="bbox 174 3929 1317 4014; baseline -0.002 -23"><span class='ocrx_word' id='word_1_315' title='bbox 174 3931 328 3994; x_wconf 87' lang='lat' dir='ltr'><strong>metricam</strong></span> <span class='ocrx_word' id='word_1_316' title='bbox 362 3933 456 4014; x_wconf 82' lang='lat' dir='ltr'><strong>legem</strong></span> <span class='ocrx_word' id='word_1_317' title='bbox 485 3935 637 4014; x_wconf 89' lang='lat' dir='ltr'><strong>duplicnm</strong></span> <span class='ocrx_word' id='word_1_318' title='bbox 671 3934 900 3996; x_wconf 83' lang='lat' dir='ltr'><strong>consonantium</strong></span> <span class='ocrx_word' id='word_1_319' title='bbox 934 3949 1088 4014; x_wconf 86' lang='lat' dir='ltr'><strong>nunquam</strong></span> <span class='ocrx_word' id='word_1_320' title='bbox 1123 3929 1253 4010; x_wconf 81' lang='lat' dir='ltr'><strong>neglexit</strong></span> <span class='ocrx_word' id='word_1_321' title='bbox 1284 3936 1317 3990; x_wconf 90' lang='lat' dir='ltr'><strong>ut</strong></span> 
     </span>
     <span class='ocr_line' id='line_1_37' title="bbox 174 4026 1317 4112; baseline -0.003 -23"><span class='ocrx_word' id='word_1_322' title='bbox 174 4028 318 4108; x_wconf 80' lang='lat' dir='ltr'><strong>syllabam</strong></span> <span class='ocrx_word' id='word_1_323' title='bbox 339 4030 459 4093; x_wconf 87' lang='lat' dir='ltr'><strong>brevem</strong></span> <span class='ocrx_word' id='word_1_324' title='bbox 481 4033 690 4112; x_wconf 86' lang='lat' dir='ltr'><strong>praemitteret</strong></span> <span class='ocrx_word' id='word_1_325' title='bbox 720 4033 777 4095; x_wconf 88' lang='lat' dir='ltr'><strong>nisi</strong></span> <span class='ocrx_word' id='word_1_326' title='bbox 806 4030 980 4094; x_wconf 90' lang='lat' dir='ltr'><strong>nominibus</strong></span> <span class='ocrx_word' id='word_1_327' title='bbox 1002 4029 1161 4109; x_wconf 74' lang='lat' dir='ltr'><strong>Zocymbos</strong></span> <span class='ocrx_word' id='word_1_328' title='bbox 1182 4026 1317 4105; x_wconf 81' lang='lat' dir='ltr'><strong>(Heroid.</strong></span> 
     </span>
     <span class='ocr_line' id='line_1_38' title="bbox 178 4126 1318 4210; baseline 0.001 -25"><span class='ocrx_word' id='word_1_329' title='bbox 178 4128 203 4201; x_wconf 90' lang='lat' dir='ltr'><strong>l,</strong></span> <span class='ocrx_word' id='word_1_330' title='bbox 220 4127 273 4203; x_wconf 83' lang='grc'><strong>87)</strong></span> <span class='ocrx_word' id='word_1_331' title='bbox 306 4139 337 4192; x_wconf 91' lang='lat' dir='ltr'><strong>et</strong></span> <span class='ocrx_word' id='word_1_332' title='bbox 368 4131 516 4210; x_wconf 77' lang='lat' dir='ltr'><strong>smoropdr‘</strong></span> <span class='ocrx_word' id='word_1_333' title='bbox 545 4130 699 4210; x_wconf 77' lang='lat' dir='ltr'><strong>(Amonll</strong></span> <span class='ocrx_word' id='word_1_334' title='bbox 714 4130 744 4203; x_wconf 84' lang='lat'><strong>6,</strong></span> <span class='ocrx_word' id='word_1_335' title='bbox 760 4129 817 4204; x_wconf 70' lang='lat' dir='ltr'><strong>m,</strong></span> <span class='ocrx_word' id='word_1_336' title='bbox 845 4130 913 4192; x_wconf 78' lang='lat' dir='ltr'><strong>net.</strong></span> <span class='ocrx_word' id='word_1_337' title='bbox 931 4130 1036 4203; x_wconf 79' lang='lat'><strong>1124),</strong></span> <span class='ocrx_word' id='word_1_338' title='bbox 1070 4146 1139 4191; x_wconf 90' lang='lat' dir='ltr'><strong>curn</strong></span> <span class='ocrx_word' id='word_1_339' title='bbox 1165 4126 1252 4188; x_wconf 84' lang='lat' dir='ltr'><strong>aliter</strong></span> <span class='ocrx_word' id='word_1_340' title='bbox 1282 4127 1318 4187; x_wconf 90' lang='lat' dir='ltr'><strong>ad</strong></span> 
     </span>
     <span class='ocr_line' id='line_1_39' title="bbox 174 4227 1316 4309; baseline 0.002 -25"><span class='ocrx_word' id='word_1_341' title='bbox 174 4235 303 4288; x_wconf 89' lang='lat' dir='ltr'><strong>metrum</strong></span> <span class='ocrx_word' id='word_1_342' title='bbox 328 4229 382 4290; x_wconf 87' lang='lat' dir='ltr'><strong>ista</strong></span> <span class='ocrx_word' id='word_1_343' title='bbox 404 4229 588 4290; x_wconf 81' lang='lat' dir='ltr'><strong>accomodari</strong></span> <span class='ocrx_word' id='word_1_344' title='bbox 611 4227 733 4290; x_wconf 88' lang='lat' dir='ltr'><strong>omnino</strong></span> <span class='ocrx_word' id='word_1_345' title='bbox 757 4247 819 4290; x_wconf 95' lang='lat' dir='ltr'><strong>non</strong></span> <span class='ocrx_word' id='word_1_346' title='bbox 840 4236 974 4309; x_wconf 84' lang='lat' dir='ltr'><strong>possent,</strong></span> <span class='ocrx_word' id='word_1_347' title='bbox 997 4227 1222 4308; x_wconf 78' lang='lat' dir='ltr'><strong>praeierantque</strong></span> <span class='ocrx_word' id='word_1_348' title='bbox 1244 4228 1316 4288; x_wconf 87' lang='lat' dir='ltr'><strong>Ver·</strong></span> 
     </span>
     <span class='ocr_line' id='line_1_40' title="bbox 174 4322 1346 4407; baseline 0.002 -26"><span class='ocrx_word' id='word_1_349' title='bbox 174 4322 262 4399; x_wconf 79' lang='lat' dir='ltr'><strong>gilius</strong></span> <span class='ocrx_word' id='word_1_350' title='bbox 284 4327 356 4387; x_wconf 76' lang='lat' dir='ltr'><strong>ben.</strong></span> <span class='ocrx_word' id='word_1_351' title='bbox 376 4327 415 4387; x_wconf 94' lang='lat' dir='ltr'><strong>lll</strong></span> <span class='ocrx_word' id='word_1_352' title='bbox 437 4326 499 4387; x_wconf 77' lang='lat'><strong>270</strong></span> <span class='ocrx_word' id='word_1_353' title='bbox 531 4327 746 4406; x_wconf 76' lang='lat' dir='ltr'><strong>Lucretiusque</strong></span> <span class='ocrx_word' id='word_1_354' title='bbox 761 4327 796 4388; x_wconf 82' lang='lat' dir='ltr'><strong>lv</strong></span> <span class='ocrx_word' id='word_1_355' title='bbox 815 4327 911 4401; x_wconf 77' lang='lat'>11263</span> <span class='ocrx_word' id='word_1_356' title='bbox 943 4333 1047 4387; x_wconf 88' lang='lat' dir='ltr'><strong>contra</strong></span> <span class='ocrx_word' id='word_1_357' title='bbox 1076 4325 1146 4386; x_wconf 87' lang='lat' dir='ltr'><strong>illud</strong></span> <span class='ocrx_word' id='word_1_358' title='bbox 1176 4323 1236 4384; x_wconf 86' lang='lat' dir='ltr'><strong>llal.</strong></span> <span class='ocrx_word' id='word_1_359' title='bbox 1259 4322 1317 4383; x_wconf 75' lang='lat' dir='ltr'><strong>tto</strong></span> <span class='ocrx_word' id='word_1_360' title='bbox 1342 4400 1346 4407; x_wconf 28' lang='grc' dir='ltr'>Ι</span> 
     </span>
     <span class='ocr_line' id='line_1_41' title="bbox 176 4417 1317 4505; baseline 0 -22"><span class='ocrx_word' id='word_1_361' title='bbox 176 4417 345 4501; x_wconf 60' lang='lat' dir='ltr'><strong>mirorque</strong></span> <span class='ocrx_word' id='word_1_362' title='bbox 354 4429 512 4505; x_wconf 70' lang='lat' dir='ltr'><strong>oneratque</strong></span> <span class='ocrx_word' id='word_1_363' title='bbox 527 4425 662 4486; x_wconf 83' lang='lat' dir='ltr'><strong>lacillima</strong></span> <span class='ocrx_word' id='word_1_364' title='bbox 677 4444 746 4487; x_wconf 92' lang='lat' dir='ltr'><strong>cura</strong></span> <span class='ocrx_word' id='word_1_365' title='bbox 758 4423 881 4487; x_wconf 77' lang='lat' dir='ltr'><strong>Ovidius</strong></span> <span class='ocrx_word' id='word_1_366' title='bbox 897 4424 1037 4486; x_wconf 80' lang='lat' dir='ltr'><strong>evitasset</strong></span> <span class='ocrx_word' id='word_1_367' title='bbox 1053 4423 1131 4484; x_wconf 92' lang='lat' dir='ltr'><strong>bunc</strong></span> <span class='ocrx_word' id='word_1_368' title='bbox 1145 4423 1178 4483; x_wconf 94' lang='lat' dir='ltr'><strong>in</strong></span> <span class='ocrx_word' id='word_1_369' title='bbox 1192 4422 1317 4484; x_wconf 87' lang='lat' dir='ltr'><strong>modum</strong></span> 
     </span>
    </p>
   </div>
   <div class='ocr_carea' id='block_1_9' title="bbox 0 0 1488 5010">
    <p class='ocr_par' dir='ltr' id='par_1_11' title="bbox 0 0 1488 5010">
     <span class='ocr_line' id='line_1_42' title="bbox 0 0 1488 5010; baseline 0 0"><span class='ocrx_word' id='word_1_370' title='bbox 0 0 1488 5010; x_wconf 95' lang='lat' dir='ltr'><strong> </strong></span> 
     </span>
    </p>
   </div>
  </div>
 </body>
</html>
