2962 5010
596 294 818 358 „55-

310 474 388 534 Nile
411 481 504 552 pater,
527 489 655 552 quanam
680 470 790 550 possim
813 478 842 531 te
866 469 963 530 dicere
985 489 1072 532 causa

359 571 417 633 dut
440 571 547 650 quibus
570 570 712 631 interris
736 568 900 630 occuluisse
921 565 1029 647 caput?

308 671 354 731 Te
377 675 531 749 propter
555 668 652 728 nullos
675 667 762 728 tellus
786 675 834 726 tua
858 667 989 746 postulat
1010 668 1121 728 imbres

359 767 447 829 trica
470 784 537 826 nec
559 766 689 827 Pluvio
713 764 910 844 supplicat
933 765 1047 826 herba
1069 765 1154 826 lovi.

309 865 350 926 Te
373 866 453 927 canit
474 872 564 944 atque
586 883 690 925 suum
710 863 804 943 pubes
828 863 953 924 miratur
977 862 1101 925 Osirin
1135 885 1136 889 ¹

360 963 495 1032 Barbara,
518 962 700 1043 Memphiten
722 960 903 1041 plangere
925 962 1011 1022 docta
1033 963 1177 1032 bovem3

146 1091 280 1170 sequitur
302 1097 400 1150 autem
423 1088 486 1148 laus
509 1107 576 1148 cum
594 1086 719 1148 Osiridis
741 1093 806 1148 tum
823 1103 892 1146 vero
913 1104 985 1147 uvae
1008 1094 1037 1147 et
1052 1085 1158 1146 Bacchi
1173 1083 1288 1164 Aegyp-

145 1189 213 1250 tiaci
235 1194 300 1267 apta
324 1206 357 1248 ea
385 1185 538 1247 bacchanti
565 1192 678 1265 poetae.
723 1185 834 1245 Seneca
860 1184 992 1245 furorem
1015 1184 1106 1245 istum
1129 1183 1285 1244 Niloticam

144 1304 205 1347 non
222 1292 338 1364 poterat
361 1302 422 1345 non
444 1283 613 1363 improbare
629 1283 832 1362 malignusque
854 1283 893 1345 ita
909 1290 1025 1363 poetam
1048 1301 1087 1343 ne
1101 1281 1286 1344 nominatum
1330 1268 1334 1277 Χ

145 1384 265 1464 quidem
290 1383 444 1461 castigasse
475 1382 546 1443 mibi
577 1382 705 1442 videtur:
738 1382 825 1442 Nemo
848 1391 999 1442 oratorum
1023 1381 1141 1460 adspicit
1168 1380 1285 1441 coelum.

147 1482 213 1555 Quo
246 1484 280 1544 de
310 1501 344 1543 re
375 1499 435 1542 non
456 1499 520 1542 cum
543 1490 628 1559 poeto
657 1479 840 1555 [debacchor]
865 1490 891 1541 et
912 1479 957 1539 illi
978 1481 1074 1542 bovem
1098 1480 1180 1539 deum
1203 1497 1287 1540 suam

147 1584 278 1660 inpingo,
307 1583 358 1659 qui
383 1583 424 1640 ait
451 1598 513 1659 eqs.
563 1577 691 1639 Dubium
720 1578 905 1656 relinquatur
927 1577 983 1638 sub
1005 1581 1145 1639 meoiocor
1167 1577 1289 1652 (habent

146 1678 211 1740 libri
235 1679 323 1739 etiam
347 1681 378 1738 in
397 1696 428 1738 eo
450 1679 540 1752 iocor)
566 1677 634 1756 quid
662 1676 783 1738 tandem
812 1677 908 1736 lateat.
954 1677 1028 1749 Quia
1050 1683 1149 1736 autem
1173 1676 1287 1754 Aegyp-

145 1777 219 1837 tiaca
249 1775 328 1855 orgia
355 1775 537 1854 cogitantur,
573 1775 773 1855 suspicionem
802 1794 898 1835 meam
931 1777 1025 1836 celare
1055 1775 1124 1836 nolo
1156 1773 1288 1853 quamvis

145 1894 220 1936 nove
236 1875 404 1953 antiquam:
430 1875 495 1946 Quo
517 1875 551 1935 de
572 1892 605 1934 re
626 1891 686 1934 aon
702 1892 766 1934 com
787 1883 869 1952 poeto
883 1876 1052 1935 mareoticor
1074 1883 1100 1934 et
1122 1872 1169 1933 illi
1190 1872 1288 1933 bouem

146 1974 229 2035 bum
255 1992 339 2034 suum
366 1976 480 2052 inpingo
509 1975 559 2051 qui
583 1975 636 2032 ait:
666 1972 744 2051 quod
766 1971 831 2031 fere
861 1972 973 2033 dictum
1002 1972 1041 2032 sit
1073 1971 1150 2032 sicut
1179 1969 1288 2030 vilicari

146 2072 292 2154 possessio
316 2071 425 2132 dicitur
447 2090 463 2131 a
484 2070 576 2131 vilico.

701 2323 733 2383 V.

230 2479 289 2539 lam
314 2475 393 2557 quali
414 2473 530 2556 ialsario
547 2475 705 2536 llalieutica
728 2473 885 2536 tribuenda
908 2471 1004 2536 sunt?
1028 2474 1115 2536 Prius
1137 2475 1291 2554 indagetur

147 2587 263 2656 tempus
283 2594 342 2654 quo
358 2572 519 2652 scripserit.
550 2572 684 2633 Notabile
703 2573 761 2633 iam
779 2572 836 2634 hoc
854 2572 978 2634 forsitan
997 2573 1139 2634 videatur.
1178 2574 1290 2636 Seneca

146 2677 176 2737 in
192 2675 323 2736 Phaedra
344 2672 441 2734 fabula
466 2671 613 2732 canticum
637 2671 756 2732 exbibet
777 2672 961 2744 venaticum3
983 2671 1082 2751 ibique
1105 2672 1142 2733 de
1165 2671 1289 2734 canibus

146 2775 254 2854 legitur
275 2773 449 2850 v.41sqq.:

289 2895 392 2956 Nunc
414 2891 570 2954 demissi
598 2911 692 2954 nare
720 2894 847 2971 sagaci

289 2994 446 3073 Captent
469 3008 575 3051 auras
599 2993 753 3071 lustraque
775 3010 877 3071 presso

289 3093 479 3164 Quaerant
501 3095 628 3151 rostro
652 3109 711 3169 eqs.

145 3217 298 3297 Exquisite
322 3218 392 3279 haec
411 3216 503 3290 dicta3
531 3232 593 3275 non
616 3213 716 3275 minus
738 3213 882 3294 exquisite
903 3214 935 3274 in
958 3213 1126 3276 Halieuticis
1150 3215 1186 3275 de
1208 3216 1290 3276 caui·

146 3316 201 3378 bus
225 3317 296 3378 baec
320 3335 345 3376 v.
359 3315 487 3394 ibsqq.:

290 3455 416 3533 (Quibus
439 3458 496 3529 est)
520 3473 629 3534 sagax
651 3454 744 3515 virtus
769 3455 906 3534 viresque
928 3454 1083 3533 sequendi,

290 3555 372 3627 Quae
396 3571 494 3614 nuuc
516 3553 597 3614 elatis
620 3553 768 3614 rimantur
788 3552 939 3615 naribus
961 3571 1085 3615 auram
1183 3628 1186 3633 g

171 3686 174 3695 ·
286 3652 325 3712 Et
346 3670 443 3714 nunc
466 3651 628 3712 demisso
651 3659 841 3731 quaerunt
864 3653 983 3731 vestigia
1006 3661 1129 3714 rostro
1151 3673 1209 3726 -;

147 3795 227 3857 casui
254 3795 415 3858 similitudo
446 3796 583 3867 cedatur3
611 3802 712 3856 tamen
740 3795 765 3856 si
796 3795 842 3856 cui
873 3814 942 3856 casu
958 3803 1036 3855 ¹orta
1065 3813 1127 3856 non
1149 3795 1291 3868 videatur,

146 3893 283 3955 veriusne
311 3894 453 3955 Senecam
488 3893 654 3971 tragoedias
685 3893 863 3955 scribentem
888 3892 994 3954 adiisse
1016 3893 1093 3955 dicet
1114 3893 1291 3973 piscatoriae

146 3993 218 4053 artis
233 3992 432 4070 fragmentum
455 4009 494 4052 an
509 3991 659 4051 falsarium
676 4000 793 4070 poetam
809 3991 953 4070 plurimos
977 3993 1092 4053 colores
1108 3992 1159 4070 qui
1173 3991 1293 4052 aliunde

147 4091 307 4170 sumpserit
329 4091 458 4152 colorem
481 4092 676 4150 dunecanum
701 4091 870 4169 adpinxisse
892 4086 1034 4168 reliquis?

232 4189 415 4251 Procedatur
445 4189 480 4249 ad
515 4205 633 4248 versum
664 4186 821 4266 fragmenti
844 4187 884 4247 95
918 4187 969 4265 qui
1001 4204 1069 4247 cum
1102 4192 1196 4246 totam
1230 4186 1292 4247 fere

148 4288 353 4367 quaestionem
376 4286 507 4349 absolvat
529 4303 617 4365 aegre
639 4305 655 4346 a
678 4303 725 4345 me
747 4291 915 4345 reservatus
938 4291 997 4345 est:

290 4398 414 4478 Hippuri
437 4398 546 4459 celeres
570 4405 599 4458 et
621 4396 706 4476 nigro
730 4404 847 4473 tergore
870 4395 962 4457 milui.
