2962 5010
620 319 861 385 -195-

173 493 310 574 praetulit
332 493 457 556 Cornuti
478 494 557 574 quod
584 494 662 556 idem
692 495 724 556 in
756 495 845 557 tertio
873 514 992 576 quoque
1019 497 1151 559 carmine
1180 496 1312 559 eiusdem

170 593 235 655 libri
251 591 375 654 secundi
391 601 550 665 memorat,
573 601 658 672 poeta
674 594 738 674 ipse
760 602 839 656 vetat
857 612 896 657 ne
917 595 1046 657 carmina
1061 595 1116 658 ista
1132 595 1312 659 divellamus.

170 691 309 753 Ceterum
331 699 504 772 argumenta
526 691 672 770 Zingerlei
695 699 768 773 quot
795 694 840 754 vel
867 694 985 775 pondus
1009 696 1053 758 vel
1075 695 1212 758 umbram
1235 713 1313 775 pon-

169 790 249 851 deris
272 789 383 853 babere
405 789 497 852 videri
518 791 631 870 possint
655 790 816 867 exbibeb03
838 809 900 853 non
922 793 1030 855 babere
1052 803 1153 856 tamma
1176 795 1233 855 iam
1258 793 1313 854 boc

170 888 315 950 videbitur
330 886 408 968 quod
432 896 477 950 est
500 889 535 950 de
557 889 771 968 pronominum
788 893 945 971 quicunque
961 899 991 954 et
1006 895 1131 974 quisquis
1144 892 1312 973 frequentia

171 987 264 1066 (Zing.
281 1005 310 1067 p.
327 989 395 1063 55);
430 987 534 1068 legitur
557 987 638 1051 enim
661 991 819 1069 quicunque
841 989 872 1050 in
895 990 969 1050 libro
987 991 998 1050 l
1020 992 1131 1053 octiens
1154 991 1199 1052 vel
1221 989 1312 1053 semel

170 1085 201 1146 in
228 1087 287 1147 tub
302 1106 356 1159 vv„
385 1095 487 1148 contra
510 1087 540 1148 in
563 1086 600 1148 lV
624 1086 719 1147 2-7
741 1088 937 1170 quienquiens
960 1089 1005 1151 vel
1032 1091 1124 1153 semel
1145 1089 1178 1153 in
1202 1089 1241 1149 25
1260 1108 1312 1158 vu,

171 1184 275 1246 deinde
296 1203 400 1247 rursus
427 1186 459 1246 in
492 1185 567 1247 libro
595 1186 620 1246 ll
653 1193 758 1266 quater
790 1188 833 1249 vel
867 1188 959 1249 semel
991 1188 1023 1251 in
1048 1189 1107 1250 100
1132 1189 1312 1266 (sinautem

171 1285 330 1364 dempseris
364 1304 400 1346 ex
432 1285 506 1346 libro
530 1285 555 1345 ll
576 1285 734 1346 secundam
768 1287 848 1366 quod
881 1288 961 1349 nulla
992 1289 1165 1350 auctoritate
1196 1287 1312 1374 feceris,

100 1417 103 1423 ·
168 1384 260 1444 semel
274 1383 306 1444 in
323 1383 411 1458 dubl:
433 1384 534 1464 itaque
549 1385 584 1446 ad
601 1384 709 1446 librum
726 1385 856 1464 primum
881 1394 1020 1466 quartum
1043 1405 1131 1467 quam
1146 1388 1311 1450 secundum

169 1481 412 1562 propinquiorem
435 1501 499 1545 esse
515 1483 632 1545 numeri
654 1485 686 1544 bi
700 1502 760 1546 non
779 1492 964 1546 attestantur.
1003 1485 1137 1567 Quisquis
1159 1494 1259 1549 autem
1281 1486 1312 1547 in

168 1581 271 1642 librol
293 1583 411 1643 sexiens
434 1591 530 1644 exstat
552 1585 598 1644 vel
621 1583 714 1643 semel
734 1582 767 1644 in
794 1581 852 1643 135
869 1602 923 1655 vu,
946 1585 977 1644 in
999 1584 1018 1644 l.
1037 1585 1062 1645 ll
1085 1584 1246 1647 undeciens
1267 1587 1312 1646 vel

168 1680 259 1741 semel
281 1679 313 1743 in
328 1680 379 1755 39,
402 1681 433 1742 in
456 1681 475 1742 l.
492 1681 528 1741 lV
550 1680 647 1740 2-7
671 1689 716 1742 ter
737 1681 784 1742 vel
804 1681 894 1742 semel
916 1681 947 1741 in
962 1682 1022 1757 413
1054 1682 1156 1763 itaque
1187 1702 1223 1744 ne
1257 1685 1313 1744 hac

168 1778 289 1858 quidem
321 1779 353 1840 in
385 1796 418 1841 re
450 1798 466 1840 a
495 1779 514 1838 l.
543 1778 555 1837 Ι
588 1779 680 1858 magis
714 1778 845 1840 diversus
869 1779 928 1841 l.ll
958 1789 1003 1842 est
1036 1798 1124 1859 quam
1147 1781 1183 1842 lv
1206 1781 1309 1843 2-7.

169 1876 230 1937 lloc
253 1884 352 1937 autern
375 1894 428 1953 ego
450 1876 576 1938 addidici
598 1877 629 1937 in
653 1877 749 1939 Deliae
775 1876 852 1938 libro
885 1878 936 1956 qui
969 1886 1000 1938 et
1033 1879 1131 1940 colore
1159 1889 1189 1940 et
1215 1880 1312 1941 calore

168 1974 284 2053 poetico
308 1975 453 2056 praevalet
473 1975 646 2037 distributas
669 1975 732 2037 istis
753 1975 926 2037 nominibus
953 1977 1117 2040 sententias
1140 1978 1240 2039 minus
1262 1997 1312 2040 ac·

169 2082 270 2153 ceptas
292 2075 385 2136 fuisse
407 2073 533 2136 Tibullo.
1235 2128 1238 2133 .

254 2173 403 2236 Accedunt
439 2173 583 2252 Zingerlei
619 2172 840 2235 observationes
877 2174 945 2235 bae:
990 2174 1157 2254 imperativi
1194 2174 1308 2238 formae

169 2272 263 2354 qualis
292 2282 339 2334 est
360 2283 454 2335 cereto
477 2273 508 2334 in
531 2271 589 2334 fine
610 2271 774 2333 hexametri
797 2272 911 2351 positae
932 2292 966 2333 ex
989 2274 1088 2352 primo
1117 2273 1192 2336 libro
1215 2275 1251 2335 ab
1274 2293 1309 2335 eo

169 2373 299 2454 quinque
315 2379 483 2446 enecentur,
503 2371 582 2432 nulla
596 2390 632 2432 ex
647 2370 787 2444 secundo,
803 2371 878 2433 duae
893 2388 961 2432 vero
978 2389 1013 2432 ex
1025 2371 1203 2450 Sulpicianis
1216 2371 1308 2433 2-u

170 2472 260 2533 Porro
283 2472 425 2534 docemur
447 2474 488 2552 (p.
505 2469 559 2550 73)
581 2471 713 2534 voculam
734 2481 766 2531 ut
786 2470 865 2532 inter
885 2469 926 2531 22
941 2490 985 2531 vv.
1007 2471 1100 2532 semel
1120 2470 1177 2551 legi
1198 2472 1230 2532 in
1252 2471 1270 2531 l.
1289 2472 1309 2546 l,

169 2572 247 2632 inter
262 2569 302 2631 25
319 2571 350 2631 in
365 2570 399 2630 IV
416 2570 509 2642 24,
525 2569 603 2631 inter
617 2570 657 2630 45
673 2569 705 2630 in
720 2569 739 2632 l.
756 2569 796 2646 113
818 2578 968 2650 praeterea
981 2569 1021 2648 (p.
1033 2569 1073 2630 65
1080 2575 1137 2651 sq.)
1149 2570 1308 2632 verborum

168 2669 400 2751 inpersonaliuru
432 2669 522 2749 pccdct
546 2670 621 2749 pc'qet
647 2671 770 2748 poenitet
797 2668 889 2731 toedet
921 2672 1002 2731 iuvet
1026 2669 1101 2731 decet
1123 2669 1231 2750 quibus
1254 2670 1309 2731 ad·
1409 2674 1415 2686 ’

167 2769 284 2832 baereat
301 2768 463 2834 infinitivus
479 2769 510 2830 in
526 2769 573 2829 l.l
594 2769 726 2849 exempla
748 2769 782 2829 15
799 2769 912 2841 adesse
936 2768 967 2829 in
982 2768 1018 2828 lv
1034 2766 1117 2828 2-7
1132 2769 1308 2849 exemplati,

167 2869 198 2930 in
220 2870 281 2930 lll
304 2887 365 2930 non
387 2867 453 2946 plus
476 2867 505 2927 2.
550 2867 583 2928 ln
607 2867 718 2928 calculo
740 2868 892 2946 particulis
912 2866 983 2946 poni
997 2865 1082 2929 facile
1097 2867 1309 2940 concesserim,

167 2967 281 3047 reliquo
310 2966 440 3028 sermoni
471 2965 579 3036 minus,
614 2965 670 3026 nisi
704 2975 755 3027 aut
787 2967 965 3046 scriptorum
999 2965 1081 3044 copia
1116 2976 1145 3028 et
1178 2966 1308 3027 antbitns

168 3065 262 3127 multo
286 3065 380 3125 maior
402 3064 441 3126 sit
462 3063 536 3125 libro
558 3063 664 3125 'l'ibulli
687 3071 791 3143 quarto
826 3071 876 3125 aut
908 3063 1089 3124 dillerentiee
1115 3072 1309 3143 compareant

168 3163 262 3225 multo
286 3164 505 3226 numerosiores
534 3162 569 3223 iis
597 3181 668 3243 quas
691 3161 824 3242 Zingerle
852 3161 949 3242 agitat.
998 3161 1055 3222 Has
1085 3161 1133 3222 ille
1161 3180 1223 3225 non
1253 3162 1309 3223 fuit

168 3263 290 3324 omnino
319 3283 371 3325 cur
399 3264 468 3324 dare
496 3258 574 3324 casui
603 3258 751 3323 dubitaret
774 3261 875 3342 (quem
898 3260 1017 3341 quidem
1041 3257 1105 3340 ipse
1126 3261 1308 3339 periucunde

166 3360 339 3424 sollemnem
361 3362 488 3423 vocavit:
509 3379 583 3440 ganz
606 3358 787 3440 gewdlrnlicb
810 3380 840 3441 p.
856 3359 913 3436 593
936 3360 971 3420 cl.
988 3378 1017 3441 p.
1033 3358 1101 3439 62);
1131 3367 1260 3421 ceterum
1284 3361 1309 3421 si

167 3479 223 3539 qua
247 3450 299 3522 uox
322 3463 354 3524 in
376 3460 555 3523 carminibus
579 3460 678 3522 minus
701 3458 838 3533 occurrit,
868 3459 925 3520 iam
948 3457 999 3520 ubi
1022 3478 1055 3520 ea
1077 3459 1175 3520 locum
1199 3458 1308 3522 babere

167 3561 296 3639 potuerit
328 3561 435 3642 quidve
468 3560 499 3621 in
532 3561 630 3623 locum
664 3559 728 3621 eius
756 3559 950 3637 subrogatum
971 3558 1010 3620 sit
1032 3577 1148 3639 semper
1172 3559 1308 3621 ostendas

167 3676 285 3720 necesse
301 3668 363 3734 est3
384 3660 469 3721 aliter
490 3659 520 3721 in
537 3677 653 3720 camum
667 3658 869 3721 desudaveris.
907 3654 1008 3730 Quid?
1029 3657 1207 3720 adiectivum
1228 3668 1309 3719 tener

165 3757 312 3837 (Zingerle
332 3776 362 3839 p.
376 3757 432 3837 49)
454 3758 556 3821 adesse
577 3758 670 3819 semd
692 3757 864 3819 observatur
885 3756 917 3819 in
939 3755 1040 3819 librol
1064 3756 1173 3817 viciens
1196 3755 1239 3817 bis
1263 3757 1309 3817 vel

165 3858 257 3919 semel
277 3858 311 3921 iu
327 3857 367 3919 37
383 3875 438 3929 vv..
460 3856 496 3917 lv
516 3855 599 3915 2··7
623 3865 669 3919 ter
690 3855 736 3918 vel
757 3854 851 3916 semel
871 3855 902 3917 in
918 3855 968 3923 tu
987 3854 1020 3917 iu
1042 3854 1060 3915 l.
1076 3853 1102 3914 ll
1123 3853 1240 3917 sexiens
1263 3854 1308 3914 vel

164 3958 257 4019 semel
280 3957 312 4019 in
332 3957 386 4017 71:
420 3974 488 4017 ecce
520 3954 689 4018 duriuscule
720 3972 785 4017 sors
818 3960 938 4035 poetae:
969 3969 1033 4015 non
1066 3951 1150 4017 solita
1183 3969 1236 4015 sua
1264 3952 1309 4013 vel

164 4074 264 4118 rerum
280 4055 326 4116 vel
341 4053 431 4117 enirm
446 4054 602 4118 teneritate
615 4052 756 4117 nemesin
772 4052 844 4115 dum
867 4059 946 4117 amat
961 4069 1031 4113 usus
1047 4049 1170 4113 videtur.
1207 4047 1308 4122 udat

166 4172 234 4217 nam
246 4154 344 4233 magis
359 4152 470 4222 ludicra
491 4152 549 4215 iarn
565 4153 628 4232 ipse
644 4151 840 4232 suppeditem,
863 4168 960 4229 neque
983 4149 1013 4213 iu
1036 4149 1140 4230 primo
1155 4165 1254 4228 neque
1276 4149 1306 4212 iu

165 4259 269 4332 quarto
289 4253 366 4317 libro
386 4259 439 4315 aut
460 4250 607 4314 avaritiam
625 4249 758 4312 Tibullus
781 4249 899 4328 scripsit
920 4256 971 4309 aut
993 4247 1167 4310 adiectirum
1190 4265 1306 4321 avarus,

165 4350 194 4411 in
219 4351 349 4413 secundo
372 4370 440 4412 sero
464 4351 530 4430 plus
552 4350 659 4411 sernel:
692 4349 752 4411 iam
775 4347 887 4415 nihilne
909 4342 1106 4409 concludam?
1140 4344 1241 4419 Quint
1274 4347 1306 4409 in

164 4458 228 4510 toto
251 4446 325 4509 libro
348 4449 373 4508 ll
400 4467 563 4529 numquam
587 4465 767 4529 quemquam
790 4454 875 4526 poeta
897 4444 1094 4507 incusandum
1118 4445 1229 4524 putarit
1250 4445 1306 4506 de-

1096 4547 1146 4602 13*
