2962 5010
497 314 848 376 .‹...99...

167 490 324 570 conposuit
347 491 528 552 Petersenus
545 490 653 552 Plrilos.
670 490 773 570 Chrys.
789 489 994 550 Fundamenta
1015 507 1044 568 p.
1063 483 1194 568 llh'sqq.
1229 487 1311 561 Quae

166 608 213 650 res
237 599 270 651 ut
292 597 338 651 est
353 589 497 662 intricata,
520 590 559 651 ita
582 598 682 651 tamen
699 588 874 650 divisionem
890 606 965 668 quae
987 595 1033 648 est
1055 587 1132 648 inter
1154 583 1260 664 ἄλογα
1282 597 1311 650 ct

167 685 283 765 λογικά
314 688 379 750 luce
401 688 527 750 lucidius
550 696 595 750 est
628 706 689 750 uon
711 686 890 767 pertinuisse
912 687 947 747 ad
970 694 1068 747 totum
1092 687 1237 747 mundum
1260 688 1311 748 sed

168 788 203 847 ad
227 787 391 866 superioris
414 794 529 848 tantum
552 787 703 848 divisionis
726 794 849 866 partem,
874 787 930 846 hoo
953 794 997 846 est
1020 786 1056 847 ad
1079 775 1223 868 ἔμψυχα.
1268 787 1311 846 lta

167 886 249 946 enim
273 885 406 948 divisisse
428 887 555 947 videtur:

771 1015 805 1075 τί

706 1114 913 1308 5¹(di
937 1221 975 1288 ὅν

642 1329 843 1520 cosp>
839 1429 1020 1520 ἀσώματον

603 1539 828 1624 f&

569 1642 721 1728 ἔμψυχον
806 1638 939 1730 ἄψυχον
955 1641 1057 1730 (φυτά
1078 1642 1189 1721 λίθοι)

545 1746 768 1834 s&

511 1848 645 1931 λογικόν
763 1850 884 1932 ἄλογον
900 1854 1031 1937 (θηρία)

368 1954 782 2144 οἷθάνατίᾟτός

336 2161 379 2221 vel
395 2153 574 2244 ἄφθαρτος
611 2162 657 2222 vel
672 2161 824 2246 φθαρτός

281 2270 284 2275 ’
402 2261 507 2340 (θεοί)
614 2257 819 2344 (ἄνθρωποι)

169 2415 269 2493 ltaque
285 2412 443 2474 corruebat
458 2411 561 2474 divisio
574 2413 631 2475 nisi
645 2414 714 2493 quid
726 2377 1095 2496 inveniebatur'o'ppopov
1106 2407 1235 2488 ἄλογον.
1260 2410 1312 2470 m-

168 2531 225 2592 que
242 2520 342 2573 contra
357 2512 454 2573 dicere
468 2512 640 2574 Plutarchus
656 2513 684 2573 id
700 2520 818 2589 tantum
834 2511 958 2573 debebat
974 2517 1024 2573 aut
1040 2511 1162 2572 omnino
1179 2509 1313 2570 dividen-

169 2612 240 2672 dum
263 2629 324 2672 uon
348 2629 412 2672 esse
435 2618 487 2672 aut
508 2627 595 2690 posse
617 2610 705 2675 etiam
735 2611 814 2673 aliud
841 2610 932 2672 statui
959 2610 1139 2690 principium
1162 2607 1312 2670 divisionis

166 2716 286 2789 practer
313 2709 467 2771 rationem.
514 2709 718 2772 Volkmanuus
746 2709 844 2772 Leben
876 2728 905 2772 u.
930 2709 1082 2772 Schriften
1110 2711 1162 2770 des
1186 2708 1263 2769 Plut.
1288 2706 1313 2766 ll

166 2828 194 2888 p.
219 2807 258 2870 82
282 2808 392 2870 referre
420 2807 592 2869 Plutarchus
623 2809 696 2870 satis
724 2808 836 2870 habuit.
881 2808 1013 2889 Denique
1046 2809 1077 2870 in
1111 2807 1183 2888 ipsis
1215 2805 1312 2866 verbis

166 2905 319 2986 Chrysippi
336 2914 404 2985 post
419 2899 595 2986 ἀσώματον
610 2905 854 2967 intercideruntz-
866 2905 922 2968 καὶ
938 2906 983 2989 τῷ
999 2900 1138 2989 ἐμψύχῳ
1160 2903 1198 2966 τὸ
1222 2899 1311 2986 ἄψυ-

165 3024 233 3081 χον,
256 3003 285 3063 id
308 3003 388 3082 quod
412 3023 458 3065 me
481 3003 576 3065 iudice
599 3005 662 3084 ipsa
684 3005 787 3067 fraude
809 3004 959 3066 Plutarchi
979 3006 1090 3065 factum
1114 3011 1168 3063 est.

251 3103 347 3179 Atque
363 3101 420 3161 iam
443 3103 568 3181 temperi
585 3102 816 3166 Haliouticorum
837 3122 955 3184 quoque
977 3101 1139 3163 latinorum
1155 3099 1235 3161 unde
1257 3100 1312 3159 de-

131 3246 136 3253 .
167 3200 246 3262 flexit
276 3218 375 3261 sermo
409 3201 585 3263 memoriam
618 3203 835 3282 replicabimus.
881 3203 1002 3263 Constat
1032 3202 1110 3263 inter
1133 3217 1238 3260 omnes
1261 3199 1312 3258 uhi

168 3299 297 3360 mundus
320 3299 412 3379 ipsius
436 3301 479 3362 dei
503 3301 614 3362 lovisve
643 3302 705 3362 vice
735 3302 874 3382 fungatur
901 3299 1117 3380 agnoscendam
1142 3296 1312 3357 Stoicorum
1384 3302 1387 3307 ⁴

166 3398 329 3459 doctrinam
364 3416 437 3460 esse.
482 3399 582 3479 Ipsum
607 3400 804 3480 Chrysippum
834 3418 952 3481 quoque
987 3398 1132 3459 mundum
1166 3413 1221 3475 pro
1254 3395 1310 3455 deo

167 3497 303 3558 hahuisse
324 3498 425 3559 Cicero
448 3499 531 3561 testis
554 3499 585 3560 in
608 3499 684 3560 libro
709 3499 795 3560 modo
819 3499 962 3579 explicato
985 3495 1251 3576 locupletissimum
1275 3493 1310 3553 cl.

167 3596 254 3656 etiam
277 3595 344 3656 libri
359 3597 370 3656 l
386 3601 404 3671 ᾗ
421 3597 460 3658 39
483 3608 571 3678 atque
593 3598 758 3660 Philodemi
782 3597 859 3680 περὶ
875 3593 981 3676 edocti.
998 3616 1026 3677 p.
1044 3594 1084 3657 82
1101 3596 1216 3673 Gomp.‚
1241 3593 1310 3652 Sto·

166 3693 378 3754 baeuuvlldl
412 3705 442 3757 et
468 3716 542 3776 quoe
565 3697 734 3759 doctissime
767 3697 927 3778 disputavit
956 3695 1080 3756 llrische
1110 3692 1230 3755 Porsoh.
1261 3692 1310 3752 alt.

167 3793 240 3854 Phil.
263 3811 292 3872 p.
317 3793 378 3854 452
394 3813 449 3873 sq„
472 3796 543 3856 424.
589 3797 649 3858 lam
673 3816 742 3859 vero
765 3808 850 3877 poeta
885 3797 993 3858 latinus
1020 3803 1053 3856 ut
1075 3793 1203 3854 casulam
1227 3808 1311 3852 suam

166 3891 352 3971 piscatoriam
386 3893 541 3970 grandiore
571 3895 714 3958 vestibulo
748 3905 910 3969 exornaret,
943 3896 1023 3956 hunc
1057 3893 1088 3954 iu
1123 3890 1245 3952 modum
1279 3890 1310 3948 iu

166 4011 192 4052 v.
220 3993 233 4051 l
259 3992 446 4071 sequendum
469 3992 665 4073 Chrysippum
688 3994 784 4055 duxit:

266 4108 385 4188 Accepit
407 4109 538 4171 mundus
560 4110 666 4189 legem,
689 4110 768 4173 dedit
789 4128 871 4172 arma
892 4128 946 4190 per
968 4126 1071 4173 omnes

265 4207 487 4288 Admonuitque
509 4209 565 4271 sui.

167 4336 269 4401 Trium
286 4342 442 4404 notionum
460 4343 541 4404 verbi
557 4339 680 4424 κόσμος
695 4343 805 4422 (baert.
821 4343 902 4422 [ling.
919 4343 969 4405 Vll
987 4341 1046 4403 137
1060 4345 1118 4420 sq.)
1133 4340 1228 4420 prima
1243 4344 1311 4400 tan-

166 4446 231 4498 tum
254 4439 303 4501 illa
325 4442 356 4501 iu
378 4453 516 4504 nostrum
538 4444 636 4505 locum
660 4444 786 4523 quadrat
810 4452 843 4505 ut
864 4443 938 4504 deus
961 4442 1000 4504 sit
1021 4437 1102 4504 καθ’
1124 4435 1162 4503 ὃν
1187 4435 1206 4522 'l
1233 4436 1312 4501 dva-

1114 4543 1152 4598 71
