2962 5010
591 307 808 373 ,61-

126 485 156 547 id
178 486 259 565 quod
282 485 444 548 clarissimo
467 486 598 546 Senecae
626 484 799 546 testimonio
832 492 948 547 constat
970 486 1265 563 Controv.112,123

127 593 157 645 at
179 584 277 646 minus
299 593 371 664 puta
393 583 587 662 displicuisset
608 584 632 643 si
655 583 783 644 scribere
804 583 951 645 licuisset:

226 700 380 780 Egelidum
403 698 514 760 borean
537 697 742 777 egelidumque
764 706 880 759 notum.

126 824 160 884 ln
182 823 230 884 illo
253 841 323 885 vero
345 823 382 884 de
404 822 579 884 Nereidibus
602 829 790 903 pentametro
812 823 847 885 ad
876 823 968 903 ipsam
992 826 1172 906 anaphoram
1195 846 1266 908 par-

127 921 216 982 ticula
231 937 350 1000 quoque
364 927 456 982 tracta
472 928 516 981 cst
531 919 576 980 bis
591 921 705 998 posita,
726 921 809 982 onius
825 920 930 984 similia
946 932 1017 985 sunt
1028 925 1116 1005 Prop.
1129 925 1153 985 ll
1166 924 1195 996 3,
1208 927 1265 987 44:

228 1019 315 1080 Uret
336 1026 374 1080 et
395 1019 473 1080 Eoos
495 1027 578 1081 uret
600 1026 638 1080 ct
659 1019 817 1100 Hesperios

127 1136 156 1190 et
178 1130 255 1210 quod
278 1129 347 1190 iude
369 1128 483 1190 effinxit
505 1129 582 1190 Naso
605 1129 669 1194 Am.
688 1130 698 1189 l
717 1129 764 1203 15,
781 1128 839 1189 29:
935 1114 939 1122 ’

226 1227 354 1290 Gallus
377 1236 413 1288 et
434 1226 587 1308 Hesperiis
610 1234 644 1288 et
667 1227 799 1289 Gallus
822 1236 911 1290 notus
934 1228 1019 1306 Eois3

127 1350 156 1404 et
176 1343 245 1406 Met.
262 1345 298 1405 Vl
315 1343 391 1420 1213
412 1342 452 1403 XI
467 1342 546 1418 266,
567 1340 630 1403 XIV
648 1341 725 1419 8303
748 1343 813 1404 Xlll
829 1342 888 1405 861
916 1345 964 1419 (ol,
987 1344 1076 1408 etiarn
1092 1347 1117 1407 ll
1134 1348 1224 1422 rosi:

226 1451 1266 1533 Omnibusbislaciemquesuamfaciemquelocorumlleddidit.

226 1553 330 1616 Felix
352 1562 387 1615 et
409 1561 487 1625 nato,
510 1553 602 1614 felix
624 1560 660 1614 et
683 1551 808 1630 coniuge
830 1552 946 1614 Peleus.

226 1651 250 1712 0
273 1660 307 1714 et
328 1651 365 1712 de
386 1651 469 1713 Latio
491 1671 508 1712 o
532 1660 566 1712 et
588 1652 624 1713 de
647 1658 733 1730 gente
755 1649 861 1712 Sabina

226 1749 275 1811 llle
297 1757 398 1812 tamen
420 1750 652 1829 placeatque
674 1748 747 1809 sibi
769 1749 992 1828 placeatque
1014 1750 1115 1812 licebit

181 1896 184 1901 .
225 1848 310 1920 Quod
333 1848 454 1924 nollem,
478 1847 603 1920 Galatea,
626 1846 706 1907 tibi.

126 1958 226 2038 Neque
249 1958 334 2019 aliter
355 1957 527 2037 Propertius
550 1956 628 2027 120,
645 1956 703 2030 263
725 1957 765 2017 lll
780 1956 831 2028 26,
848 1956 902 2017 56:

225 2056 326 2117 llunc
348 2064 518 2135 superet
541 2056 627 2116 Zetes
649 2055 748 2116 bunc
769 2074 882 2135 super
905 2064 934 2117 et
956 2055 1049 2117 Calais

226 2155 344 2217 Purus
366 2163 402 2215 et
425 2153 515 2216 Orion
537 2171 655 2234 purus
677 2161 714 2216 et
735 2153 856 2216 Haedus
879 2155 944 2216 erit.

127 2268 263 2341 Quocum
286 2268 389 2328 conler
411 2267 499 2328 etiam
523 2266 631 2327 Tibulli
646 2266 658 2326 l
673 2264 701 2338 2,
717 2264 774 2339 69;
797 2268 824 2339 4,
841 2267 876 2326 5:

225 2364 341 2426 Totus
365 2373 401 2426 et
423 2372 545 2443 argento
568 2370 733 2437 contextus,
756 2371 860 2425 totus
883 2372 918 2425 et
940 2383 1022 2426 auro.

227 2462 352 2525 Nudus
376 2470 410 2523 et
432 2462 574 2524 hibernae
596 2462 734 2543 producis
756 2462 864 2539 frigora
886 2462 1009 2524 brumae

326 2561 453 2621 Nudus
477 2557 512 2622 et
535 2560 637 2622 aestivi
659 2569 794 2639 tempora
817 2560 893 2622 sicca
914 2560 995 2622 cauis

125 2658 156 2718 in
184 2655 292 2738 quibus
322 2667 473 2738 tamquam
501 2658 634 2720 oblivisci
664 2665 751 2738 poeta
777 2658 909 2732 videtur,
942 2659 1025 2738 prius
1053 2668 1080 2720 et
1105 2660 1207 2722 adesse
1233 2669 1268 2721 ut

124 2756 368 2818 antecedentibus
398 2757 543 2818 sententia
577 2758 765 2830 adnectatur,
810 2758 855 2818 rel
899 2759 962 2836 ipse
1004 2777 1036 2818 se
1078 2766 1267 2819 correcturus

124 2856 247 2916 eandem
270 2854 446 2916 sententiam
470 2855 579 2917 iterum
596 2855 693 2917 dicere
716 2856 844 2934 adgredi,
867 2856 920 2917 sed
943 2874 1010 2916 ecce
1025 2874 1103 2916 novo
1127 2875 1192 2918 eam
1216 2858 1269 2917 de-

124 2971 194 3014 core
215 2960 399 3015 exornatam.
437 2954 505 3015 Non
528 2954 710 3015 dissimiliter
731 2954 852 3015 Ovidius
868 2973 893 3015 e.
906 2972 933 3033 g.
949 2973 985 3015 ex
1000 2954 1097 3014 Ponto
1114 2955 1149 3016 lv
1165 2952 1194 3026 8,
1211 2956 1265 3015 54:

226 3051 268 3113 Et
290 3051 470 3132 quicquid
493 3060 563 3132 post
584 3052 656 3113 haec
677 3052 853 3131 quicquid
877 3061 912 3113 et
933 3062 1002 3113 ante
1023 3052 1096 3127 fuit3

123 3171 210 3242 atque
232 3163 310 3224 idem
334 3163 402 3225 Met.
418 3165 440 3224 V
456 3163 518 3225 306
541 3173 572 3224 et
593 3163 766 3242 Propertius
790 3161 895 3236 11128,
911 3162 968 3236 533
991 3164 1029 3224 lV
1047 3163 1094 3236 12,
1112 3162 1168 3222 32:

223 3246 369 3340 Perque
390 3270 448 3323 tot
471 3261 648 3323 Haemonias
672 3268 709 3322 et
730 3279 796 3341 per
817 3269 873 3323 tot
894 3261 1035 3322 Achaidas
1059 3261 1156 3323 urbes.

223 3358 266 3419 Et
287 3368 375 3439 quot
398 3360 510 3422 Thraca
532 3360 601 3421 tulit
622 3367 706 3421 vetus
730 3367 765 3419 et
786 3368 876 3440 quot
898 3359 1003 3421 Achaia
1024 3359 1145 3421 formas.

223 3456 370 3538 'l'otque
393 3458 499 3520 hiemis
523 3466 627 3520 noctes
649 3465 786 3538 totque
810 3467 928 3520 natasse
951 3458 1022 3519 dies.

122 3564 200 3637 Quid
224 3571 304 3648 quod
326 3571 468 3650 Vergilius
489 3570 608 3651 scripsit
627 3569 823 3632 Αθη.1222;

603 3668 695 3748 gemit
718 3677 748 3730 et
771 3667 898 3730 crudelia
921 3685 1022 3730 secum

223 3765 294 3826 Fata
317 3765 387 3846 Lyci
408 3767 621 3847 fortemque
645 3767 726 3847 Gyan
749 3768 965 3846 sortemque
988 3765 1173 3827 Cloanthum.

120 3875 198 3937 sicut
219 3876 354 3938 Tibullus
371 3876 441 3950 116,
457 3877 493 3938 9:

221 3974 321 4036 Castra
342 3982 411 4054 peto
436 3975 632 4054 valeatque
654 3976 752 4036 Venus
776 3976 1007 4055 valeantque
1028 3975 1154 4056 puellae.

121 4095 151 4149 et
170 4087 293 4149 Ovidius
318 4088 387 4149 Met.
403 4085 429 4146 X
444 4084 506 4146 722
529 4084 580 4164 (cf.
604 4085 864 4166 etiamv11198):

221 4184 346 4248 Desiluit
367 4184 587 4267 pariterque
609 4184 706 4244 sinum
730 4183 950 4262 pariterque
974 4183 1093 4262 capillos
1116 4183 1215 4262 Rupit.

206 4310 308 4390 ltaque
321 4310 352 4370 in
367 4309 414 4371 his
430 4310 532 4371 vocula
549 4307 712 4388 copulativa
728 4306 948 4383 elegantissime
963 4304 1103 4367 abundat.
1131 4308 1265 4368 Eandem

120 4414 219 4468 autem
242 4425 280 4469 ne
301 4407 451 4470 abundare
474 4408 593 4489 quidem
617 4407 682 4469 dico
709 4406 741 4467 in
763 4405 800 4466 iis
822 4405 962 4485 exemplis
985 4404 1037 4466 ubi
1059 4406 1183 4467 verbum
1211 4406 1266 4467 ali·
