2962 5010
617 312 864 375 -179-

166 486 309 549 Graecam
333 504 435 548 rocem
459 504 524 547 esse
546 493 643 564 patet,
677 503 836 548 numerum
872 486 1015 565 pluralem
1045 504 1110 548 esse
1136 487 1315 550 verisimile

165 590 231 659 'est3
260 586 313 646 sed
336 585 495 646 verborum
517 584 632 665 copiam
655 604 670 645 a
690 603 712 664 p
734 585 831 646 littera
854 585 971 647 initium
995 585 1167 648 ducentium
1191 605 1312 649 curnem

166 683 360 763 dacumspice
392 701 426 743 aa
454 682 621 762 pervoluta3
659 682 798 744 auxilium
833 683 948 745 nullum
982 682 1114 745 cernitur
1147 683 1204 744 nisi
1235 683 1313 745 forte

164 781 317 862 paradeo
338 782 473 861 placeant
496 781 653 843 autetiam
678 778 841 860 πεπρίλος
862 782 910 843 ille
926 783 1005 861 apud
1021 781 1197 862 Hesychium
1213 782 1311 862 piscis.

167 880 270 959 ltaque
292 880 388 941 donec
408 880 527 941 audacia
550 898 639 959 quam
661 879 828 959 desperatio
852 880 967 958 dignior
989 880 1125 943 laudibus
1148 880 1213 953 erit,
1238 881 1312 941 viam

168 979 242 1040 mihi
266 979 343 1040 banc
358 997 416 1058 qua
440 978 544 1040 incedo
561 978 701 1040 concedet
716 979 760 1039 vel
776 979 889 1041 cautior
904 978 1008 1041 animi.
1039 977 1133 1040 Habet
1156 979 1236 1040 enirn
1250 979 1312 1043 ¹lle-

167 1077 287 1158 sychius
311 1079 467 1159 σφραγίς·
496 1072 618 1158 χελώνη
645 1095 735 1155 qnam
759 1077 939 1139 testudinem
964 1076 1120 1157 aquatilem
1144 1077 1314 1156 intellegere

167 1195 236 1238 osse
251 1194 289 1236 ue
305 1175 422 1250 dubita3
444 1176 484 1234 ita
507 1175 616 1236 ibidem
632 1173 774 1256 κλεμμύς
789 1172 922 1258 χελώνη.
960 1177 997 1237 At
1020 1192 1088 1237 vero
1111 1177 1189 1237 istud
1205 1177 1313 1239 animal

169 1275 281 1335 dictami
303 1273 430 1354 at'yt‘llnm
452 1274 543 1334 luisse
565 1274 643 1335 inter
665 1293 698 1335 ea
723 1275 864 1337 maribilia
888 1284 933 1337 est
954 1274 1061 1355 quibus
1084 1292 1121 1336 ne
1143 1275 1314 1354 superstitio

168 1373 291 1453 quidem
313 1372 431 1434 credula
455 1373 635 1451 adsuetaque
656 1373 845 1435 admirationi
871 1374 958 1434 tidem
973 1374 1088 1436 babeat.
1126 1374 1202 1447 Quid
1226 1374 1317 1454 igitur

167 1468 241 1533 illel
263 1488 377 1533 errasse
394 1470 570 1550 hesychium
586 1471 802 1550 suspicabitur3
822 1480 911 1550 atque
932 1472 987 1533 nisi
1011 1473 1180 1533 inventione
1196 1472 1315 1540 carebit,

166 1569 317 1632 etiamad
339 1569 449 1631 rectius
466 1569 644 1644 deducetur3
666 1570 730 1630 viee
746 1570 825 1629 enim
844 1569 915 1630 mihi
938 1589 971 1630 ac
986 1572 1136 1649 perpende
1157 1589 1230 1631 num
1252 1571 1315 1651 ipse

167 1668 258 1729 iudex
281 1667 358 1729 Plini
379 1668 507 1729 lormam
539 1668 694 1729 rectiorem
729 1668 891 1729 servaverit
911 1668 1004 1729 hauc:
1034 1669 1196 1748 pbrnpides.
1241 1669 1315 1731 Nam

169 1763 333 1847 φράσσειν
356 1773 401 1825 est
423 1775 513 1844 tepere
535 1782 652 1826 armore
668 1765 897 1838 circumuallare,
922 1767 1000 1827 unde
1016 1776 1046 1827 et
1061 1762 1255 1848 ‹ppdypoca3
1277 1786 1314 1829 an

170 1864 293 1925 verbum
308 1864 466 1940 excogitari
482 1873 580 1942 potest
595 1864 674 1927 aliud
691 1862 726 1924 ad
745 1863 894 1924 munitum
918 1865 988 1925 illud
1011 1872 1041 1925 et
1064 1864 1207 1926 ferratum
1230 1866 1314 1944 qnasi

168 1972 199 2025 et
220 1964 404 2024 thoracatum
421 1962 526 2023 animal
543 1961 756 2040 designandum
775 1961 941 2041 promptius
957 1963 1002 2023 vel
1018 1960 1188 2025 efficacius?
1220 1963 1312 2036 Quale

166 2061 259 2123 etiarn
290 2061 406 2139 liuguae
429 2060 644 2120 Gerasenorum
680 2061 714 2120 ad
749 2079 810 2119 reru
846 2060 989 2140 adplicare
1023 2061 1167 2140 placuisse
1201 2063 1315 2143 experti

167 2176 282 2222 sumus.
328 2158 431 2237 ltaque
454 2158 629 2237 llesychium
654 2159 762 2219 iulelici
797 2177 898 2220 errore
921 2162 1042 2239 φραγίς
1072 2178 1139 2220 eum
1174 2164 1316 2242 σφραγίς

168 2255 392 2319 commiscuisse
414 2256 539 2319 conicio.

256 2357 422 2417 Acharne
450 2355 480 2415 in
504 2354 635 2431 catalogo
663 2355 753 2416 latino
775 2356 916 2416 scribitur
943 2374 1035 2434 eaque
1064 2355 1132 2416 hinc
1162 2357 1257 2436 repeti
1284 2359 1315 2418 in

172 2455 285 2517 Polemi
299 2454 371 2515 Silvi
393 2455 533 2515 laterculo
550 2454 681 2515 videatur
697 2453 748 2533 qui
763 2453 853 2515 habet
873 2472 995 2528 αιιιιιας
1017 2455 1121 2515 eadem
1144 2456 1239 2517 forma
1255 2456 1314 2517 Lu—

174 2553 259 2614 cilius
280 2553 310 2614 iu
333 2553 428 2632 primo
451 2552 606 2613 satirarum
631 2569 703 2613 usus
726 2572 791 2613 esse
815 2553 960 2613 creditur:

671 2664 829 2725 abdomina
851 2664 959 2744 thynni
1015 2714 1018 2720 .

251 2761 501 2823 *Advenientibus
524 2761 606 2840 priva
629 2762 704 2823 dabo
728 2763 943 2842 cephalaeaque
964 2778 1088 2824 acernae

171 2873 258 2950 (laic.
281 2872 461 2934 Lachmanni
497 2890 522 2932 v.
545 2871 583 2932 21
609 2891 651 2952 sq.
686 2893 723 2933 ex
745 2874 838 2934 Gellio
867 2874 967 2944 xro,
990 2868 1030 2949 4]
1062 2892 1244 2954 quamquam
1280 2896 1316 2938 ne

170 2960 276 3035 maini
295 2972 438 3050 scripturn
463 2970 553 3031 luerit
576 2989 637 3031 non
659 2972 784 3032 omniuo
807 2973 863 3032 tuti
887 2972 1019 3033 videmur
1042 2972 1121 3045 (libri
1144 2977 1315 3035 moretiel

170 3072 280 3146 came).
303 3069 433 3131 hlemoro
450 3077 548 3130 numm
560 3069 625 3129 loeo
637 3070 768 3148 quodam
781 3068 897 3149 poetico
908 3069 987 3149 apud
996 3071 1179 3131 Athenaeum
1188 3090 1217 3150 p,
1225 3071 1316 3133 2868

169 3168 208 3229 de
220 3168 287 3230 'hoc
308 3168 389 3248 pisce
404 3186 438 3229 ex
455 3167 543 3228 Callia
559 3176 678 3247 sumpto
695 3167 849 3247 cephalaee
870 3167 959 3229 tribui
978 3166 1077 3247 potius
1099 3167 1228 3248 thynno:

237 3287 240 3294 '
272 3271 414 3360 κίθαρος
436 3271 539 3352 ὄπι-ὸς
562 3273 616 3339 καὶ
639 3278 734 3359 βατὶς
758 3276 904 3341 θύννου
927 3301 966 3341 τε
988 3275 1211 3360 κεφάλαιον
1231 3279 1316 3352 aedi,

272 3375 420 3455 ἐγχέλεια
443 3375 584 3459 κάραβοι
606 3375 714 3450 λινεύς
737 3373 909 3465 ἄχιιριος
932 3368 1057 3439 odient.

171 3498 267 3562 Etiam
284 3500 314 3562 iu
326 3501 431 3562 Athen.
447 3521 476 3581 p.
490 3502 581 3564 3568
596 3502 715 3583 thynnis
730 3512 760 3563 et
782 3521 907 3564 acaruan
923 3504 1155 3583 coniunguntur.
1190 3502 1224 3564 lu
1241 3504 1317 3565 Enni

173 3606 273 3659 autem
298 3598 542 3680 lieduphageticis
565 3620 626 3663 non
650 3611 729 3663 recte
753 3602 899 3663 Vahleuns
924 3600 1035 3662 eddidit
1058 3622 1085 3663 v.
1104 3604 1158 3663 10:

170 3768 173 3773 ,
274 3710 399 3793 Polypus
423 3711 574 3791 Corcyrae,
598 3713 725 3775 calvaria>
744 3713 862 3792 pinguia
879 3704 1062 3785 ‘acernam

172 3833 301 3912 primum
323 3836 405 3898 enirn
429 3837 530 3915 oppidi
553 3837 633 3898 velut
651 3837 779 3898 altentoe
801 3839 914 3899 mentio
937 3838 1000 3917 ipsa
1024 3837 1187 3899 sententiae
1210 3845 1317 3899 natura

171 3933 350 4011 elllagitatur
373 3935 499 4012 eiusque
521 3935 609 3995 etiam
628 3935 783 4013 vestigium
810 3955 870 3996 uon
888 3935 1051 3998 obscurum
1072 3935 1103 3996 iu
1119 3933 1317 3997 Laurentiano

173 4049 233 4092 uno
260 4032 509 4111 deprehenditur3
546 4032 653 4093 deinde
687 4050 755 4093 nero
788 4035 867 4095 calva
901 4050 1022 4096 acernae
1056 4034 1147 4113 accipi
1180 4050 1235 4112 pro
1268 4052 1316 4093 ee-

172 4129 295 4209 phalaeo
318 4131 444 4192 voluisse
467 4130 510 4192 vir
524 4130 714 4192 doctissimus
729 4130 860 4191 ridetur:
885 4140 947 4193 tum
969 4150 1039 4193 vero
1061 4151 1129 4193 ossa
1151 4150 1207 4211 pro
1229 4148 1317 4193 carne

172 4228 257 4304 gulae
280 4229 366 4291 dabat
387 4229 592 4289 Archestratus
616 4229 777 4290 Romanus.
822 4229 901 4300 tluin
930 4230 1020 4290 etiarn
1048 4229 1204 4309 pinguia
1234 4247 1315 4290 ossa:

172 4326 306 4389 Hicesius
340 4335 442 4388 eontra
477 4327 571 4406 ipsam
604 4329 764 4389 aoharnam
801 4327 900 4387 minus
933 4328 1076 4405 pinguem
1110 4347 1175 4389 esse
1209 4328 1317 4389 debere

136 4508 139 4513 .
174 4425 296 4487 docebat
317 4426 424 4486 Athen.
445 4446 473 4505 p.
491 4427 596 4486 3271).
640 4412 678 4488 ht
709 4444 777 4486 vero
806 4443 868 4487 non
895 4444 950 4504 pro
978 4436 1059 4505 parto
1087 4426 1240 4518 aquatilis„
1266 4428 1315 4521 ιιι]

1107 4529 1157 4581 12*
