2962 5010
614 155 861 263 -mo-

164 373 314 453 Aeginae
304 373 410 471 Athen
428 374 531 453 acro)
554 393 621 436 cnm
644 373 817 437 traiectione
838 374 997 435 verborum
1019 373 1103 435 omni
1122 375 1211 436 modo
1233 393 1312 454 opus

164 464 201 533 sit
223 460 343 553 neque
328 455 488 534 Charadra
514 473 635 535 nomine
661 473 762 554 oppidi
784 472 888 552 Epirot
889 489 982 544 arum,
1010 472 1088 552 quod
1116 490 1188 534 sane
1218 488 1312 552 quam

105 578 107 582 ‘
164 571 315 665 eleganter
330 590 364 632 ex
388 570 598 657 caradrumque
612 572 760 633 labienus
784 572 859 632 eruit
883 573 994 646 (tamen
1018 571 1200 632 maritimum
1218 570 1314 632 fnisse

164 658 301 750 Polybius
316 664 405 736 xxm
423 668 442 728 9
458 670 541 731 testis
558 687 618 731 non
636 668 703 750 est),
728 687 829 732 versus
853 674 963 731 fractus
980 671 1103 731 omnino
1119 670 1189 750 erig'
1204 672 1313 750 possit,

164 766 254 829 haec
250 766 352 847 potius
364 766 436 826 mibi
453 768 669 848 reponenda
642 787 703 828 msa
720 776 805 829 sunt:

264 877 396 941 Omnibn
410 877 466 940 sub
482 878 589 958 Clupea
605 886 735 959 praestat
750 887 833 941 must
820 879 875 941 tela
893 879 1020 953 marina3
1087 848 1091 856 Ι

263 977 363 1039 Mures
378 982 450 1039 sunt
464 977 539 1038 Aeni
555 994 649 1057 praes,
666 987 762 1039 ostrea
777 977 903 1060 plurima
919 977 1022 1058 Abydi,
1075 1049 1078 1054 ¹

261 1076 343 1163 Arcti
358 1075 437 1155 apud
453 1074 623 1137 Ambraciae
638 1074 726 1151 lines3
749 1075 905 1156 Mitylenae
921 1082 967 1138 est
982 1084 1097 1156 pecten,

263 1173 412 1236 Brundisii
427 1192 529 1253 sargus
544 1173 656 1235 bonus:
672 1175 752 1235 bunc
768 1193 892 1254 magnus
908 1174 933 1234 si
949 1175 1005 1235 erit
1021 1192 1116 1236 sume.

165 1303 306 1365 Ceterum
335 1304 445 1365 frustra
472 1303 628 1382 ingenium
648 1312 846 1367 exercuerunt
872 1303 1036 1366 doctissimi
1061 1303 1115 1364 viri
1141 1323 1176 1366 ex
1204 1303 1315 1384 despe-

163 1403 236 1464 ratis
265 1403 322 1463 illis
351 1402 535 1465 melaumum
568 1403 686 1464 turdum
719 1402 917 1482 merulamque
946 1403 1135 1489 umbramque
1163 1406 1314 1465 marinam

163 1501 238 1562 recti
254 1501 382 1580 aliquam
399 1501 487 1562 metri
506 1501 636 1562 formam
651 1509 684 1562 ut
700 1508 883 1573 excuterent,
910 1519 978 1567 cum
1002 1491 1103 1587 tamen
1128 1501 1183 1563 hos
1209 1501 1314 1580 plures

165 1618 268 1661 versus
284 1616 348 1660 esse
364 1599 396 1660 in
411 1598 530 1661 brevius
551 1606 719 1662 contractos
736 1607 893 1679 arguerent
915 1600 1026 1661 omissa
1041 1600 1184 1672 locorum,
1201 1595 1314 1679 quibus

164 1697 261 1776 pisces
276 1697 392 1759 nobiles
407 1697 596 1771 haberentur,
613 1698 730 1760 indicia.

249 1797 311 1857 lam
327 1816 394 1859 vero
411 1805 548 1876 utquam
564 1795 736 1858 brevissime
752 1815 967 1877 componamus
981 1813 1100 1876 graecos
1122 1797 1152 1858 in
1168 1814 1200 1857 re
1215 1795 1313 1876 pisca-

165 1895 239 1956 toria
270 1896 320 1975 qui
350 1894 564 1958 elaboraverint
593 1903 711 1974 praeter
736 1895 959 1979 Archestratum
988 1895 1148 1975 scriptores
1178 1895 1251 1955 baec
1280 1893 1321 1955 in

167 1993 265 2072 primo
294 1992 370 2056 libro
400 1993 717 2073 Deipnosopbistarum
744 1995 910 2057 enotavisse
933 1994 1119 2057 Athenaeum
1144 1984 1314 2055 invenimus

166 2111 194 2172 p.
213 2089 298 2152 1313:
333 2085 495 2155 οὕτωκαὶ
519 2088 638 2172 ταύτην
667 2088 737 2173 τὴν
762 2093 901 2174 τέχνην
933 2077 1022 2174 (τὴν
1053 2086 1311 2172 ἁλιευτικῂν)

165 2185 335 2271 ἀκριβοῖ
368 2185 494 2270 μᾶλλον
525 2188 591 2257 τῶν
622 2189 764 2252 τοιαῦτα
797 2192 1052 2274 προηγουμένως
1082 2182 1315 2253 ἐκδεδωκότων

142 2285 381 2371 ,ποιήματα
407 2282 428 2368 ἢ
456 2283 770 2404 συγγράμριατα,
805 2286 1030 2351 Καικίλιον
1056 2285 1159 2366 λέγω
1162 2286 1219 2351 τὸν
1237 2279 1314 2400 ’Λρ-

165 2396 257 2465 peter
284 2383 340 2448 καὶ
370 2381 604 2467 Νουμήνιον
631 2381 690 2451 τδν
713 2379 958 2470 HeerAeao'aqr,
988 2374 1229 2468 Παγκράτην
1255 2381 1314 2447 τὸν

163 2480 327 2568 Ἀρκάδα,
362 2479 627 2546 Ποσιδολνιον
648 2481 705 2547 τὸν
724 2486 916 2596 Κορίνθιον
948 2482 1018 2546 καὶ
1036 2482 1095 2547 τὸν
1121 2477 1271 2596 δλλγω
1245 2480 1313 2596 πρὸ

165 2577 258 2667 ἡμῶν
293 2577 469 2664 γενόμενον
500 2576 727 2645 Ὀππιανὸν
762 2580 821 2645 τόν
860 2581 990 2645 Κιλικα
1045 2576 1214 2655 τοσούτοις
1249 2576 1313 2661 γὰρ

157 2677 359 2763 -λνετύχομεν
380 2677 606 2753 ἐποποιοῖς
630 2670 801 2760 αλιουτικδ
816 2676 1008 2763 γεγραφόσι,
1032 2674 1315 2760 καταλογαδην

166 2778 204 2843 δὲ
234 2780 280 2863 τῷ
302 2775 502 2842 Σελεύκου
523 2779 583 2843 τοῦ
610 2780 762 2861 Ταρσέως
784 2777 840 2840 καὶ
863 2777 1080 2843 Λεωνίδου
1103 2799 1161 2842 του
1148 2770 1315 2861 ῘΒυζαν-Ι

166 2880 248 2941 τίον.
293 2879 328 2940 ln
356 2878 463 2962 quibus
492 2878 523 2939 id
551 2877 653 2941 statim
683 2886 858 2956 agnoscetur
891 2888 1046 2959 poetarum
1076 2888 1156 2941 certe
1185 2875 1313 2958 positam

167 2977 276 3039 seriem
303 2996 369 3040 esse
395 2978 431 3039 ad
457 2977 592 3039 ordinem
619 2986 803 3058 tempornm3
822 2976 1008 3063 'Numenium
1025 2995 1094 3039 vero
1110 2966 1313 3039 Heracleotam

166 3086 234 3138 ante
256 3076 435 3140 Nicandrum
458 3076 564 3138 vixisse
577 3070 740 3138 bleinekins
762 3075 916 3155 occuparit
937 3075 1051 3154 (Exere.
1066 3075 1138 3156 pbil.
1153 3075 1165 3136 l
1180 3093 1208 3153 p.
1225 3071 1313 3155 λαμ

166 3175 248 3237 Anal.
266 3177 329 3237 crit
346 3176 392 3236 ad
408 3177 516 3237 Athen.
529 3194 558 3255 p.
571 3174 675 3254 6sq.;)
689 3173 870 3236 Nicandrum
882 3192 962 3234 emm
973 3191 1004 3234 ιιι
1017 3172 1171 3251 Thermus
1183 3171 1314 3235 Numani

164 3274 304 3337 Theriaca
334 3283 380 3336 ter
408 3273 576 3357 imitantem
606 3272 717 3363 scholia
735 3273 875 3367 produnt
900 3274 938 3334 ad
963 3291 989 3333 v.
1006 3272 1067 3334 637
1084 3262 1113 3335 ολ
1128 3266 1199 3330 519
1205 3268 1235 3332 et
1235 3262 1312 3330 λ37

165 3376 245 3453 (apte
261 3372 404 3452 corriges:
428 3350 676 3453 ὑπόχλωρον
636 3393 678 3433 το
695 3369 757 3452 μὲν
772 3366 863 3443 ἕλκος
878 3366 1087 3445 κοιλαίνει,
1080 3391 1118 3433 το
1108 3366 1172 3431 δὲ
1187 3365 1314 3431 πολλὸν

165 3467 348 3554 ἀνέδραμον
368 3464 514 3547 αὐτδδὲν
536 3467 650 3560 oddae)
663 3470 748 3557 etad
763 3467 836 3544 257,
858 3465 909 3531 nbi
932 3468 968 3532 ad
985 3461 1148 3531 Nicandrea
1169 3463 1314 3530 ’ἄνθεσιν

165 3571 280 3632 εἵσατο
302 3566 426 3647 χαλκου
447 3567 623 3631 adnotatur:
645 3562 808 3649 γράφεται
833 3556 948 3630 δὲκαὶ
971 3548 1123 3630 ἄνθἐσι
1135 3561 1312 3679 κᾶλχης·

165 3663 382 3740 crivecuer
405 3662 517 3747 παρὰ
541 3666 776 3748 Νουμηνίῳ·

402 3791 484 3870 (aab
467 3787 501 3851 τλ
522 3784 581 3870 μὲν
602 3780 710 3871 (χροῃ)
732 3783 835 3852 ἐἶδεν
858 3783 917 3851 ἐπ’
935 3784 1014 3879 ἰχώρ

265 3885 403 3973 ᾗερόεις,
425 3908 483 3950 aaa
485 3881 554 3949 t'a
578 3906 621 3948 αυ
643 3885 772 3971 γιολλβω·
795 3872 983 3966 ἐναλίγκιον
1005 3884 1094 3960 εἶδος

265 3983 353 4073 eppe
374 3981 559 4060 λκδδαινεν,
582 3979 724 4068 καλχῃ”
710 4000 795 4068 ισον.
867 4006 870 4013 ·

166 4111 236 4177 ἔστι
259 4087 297 4176 δλ
318 4080 419 4196 καλχη
443 4106 557 4184 ἄνθος.
595 4111 629 4172 ln
646 4111 752 4192 quibus
769 4083 858 4184 ολδος
872 4111 1054 4174 accusativus
1071 4114 1137 4185 est3'
1153 4126 1215 4170 non
1237 4106 1313 4169 bene

165 4215 263 4295 autem
292 4213 327 4291 de
353 4212 409 4273 hoc
435 4212 500 4272 loco
516 4209 689 4272 bleineliins.
720 4210 781 4271 lam
805 4209 1064 4288 veroscriptorem
1082 4206 1312 4269 Halienticornm

166 4313 276 4395 quippe
291 4285 427 4373 Aieubbis
443 4309 550 4371 medici
570 4307 747 4389 discipulum
765 4308 886 4383 (Athen.
900 4326 929 4388 p.
947 4308 1007 4383 5A)
1031 4325 1092 4368 non
1113 4305 1203 4368 alium
1223 4311 1313 4383 atque

149 4390 398 4472 'The'ria'c'omm'
404 4427 470 4470 esse
497 4406 585 4469 simul
611 4404 685 4468 dixit
709 4405 892 4480 bleineliius,
910 4405 1054 4486 beneque
1080 4403 1218 4484 congruit
1244 4420 1313 4464 cum
