2962 5010
612 233 851 298 -136-

165 417 265 478 labore
288 431 376 495 quam
400 412 544 492 exquisito
573 411 697 473 iunctim
723 410 870 491 permulta
893 428 909 469 a
932 408 1023 470 latino
1045 407 1191 488 scriptore
1214 407 1311 488 posita

165 522 236 576 sunt
269 531 344 595 quae
377 511 523 574 disiuncta
545 530 579 572 ac
601 511 732 590 dispersa
754 509 831 589 apud
854 525 991 588 graecum
1014 517 1175 569 auctorem.
1219 507 1313 568 Hunc

165 615 256 693 igitur
270 611 463 674 durissimum
486 610 618 673 laborem
635 611 732 689 ipsum
748 607 878 668 Plinium
901 607 1026 668 subiisse
1047 614 1136 686 atque
1151 607 1197 668 vel
1216 605 1312 668 latine

164 711 256 774 lihros
279 708 479 771 Aristotelicos
501 707 624 769 vertisse
651 716 685 769 ut
707 707 857 768 crederem
886 705 996 767 frustra
1018 705 1156 784 equidem
1180 723 1231 766 me
1253 723 1312 784 pa·

165 811 236 880 ravi,
269 826 343 889 quae
377 826 424 869 res
457 824 519 869 non
552 806 649 869 solum
683 805 852 867 diffieidima
887 805 944 866 luit
975 802 1027 866 sed
1060 805 1150 868 etiam
1166 804 1311 867 'ridicule

165 924 384 989 supervacanea
406 905 552 986 siquidem
576 905 663 967 simul
686 905 734 965 ille
749 903 936 966 Aristotelem
954 902 1043 982 Trogi
1065 903 1191 965 latinum
1208 902 1311 965 maui-

164 1009 220 1071 bus
241 1006 386 1069 versabat.
430 1007 526 1084 Atque
552 1003 775 1066 conclusionem
808 1003 986 1084 apertiorem
1003 1020 1107 1083 ‘quam
1133 1003 1219 1065 hanc·
1244 1021 1310 1064 non

165 1105 277 1170 audivi:
302 1122 370 1166 nam
393 1102 506 1164 Plinius
528 1101 560 1163 in
581 1102 657 1163 libro
681 1101 787 1163 XXXll
801 1105 820 1176 t
836 1101 897 1162 152
920 1101 1005 1181 plane
1026 1101 1126 1181 ignota
1150 1109 1180 1162 et
1201 1100 1312 1162 sibiet

164 1204 334 1268 unctoribus
368 1203 430 1265 suis
463 1221 497 1264 ea
527 1201 647 1263 nomina
678 1201 747 1263 dicit
773 1218 849 1280 quae
879 1208 908 1263 et
934 1200 1013 1280 apud
1035 1198 1223 1262 Aristotelem
1245 1201 1312 1263 fre-

165 1305 288 1387 quentia
319 1311 348 1365 et
379 1303 411 1363 in
441 1302 506 1381 ipso
529 1318 610 1362 nono
638 1300 713 1363 libro
736 1320 751 1362 a
774 1300 869 1362 Plinio
892 1299 988 1379 posita
1010 1307 1097 1376 sunt3
1130 1300 1231 1380 itaque
1259 1301 1311 1362 in-

166 1402 297 1466 credibili
324 1399 474 1464 celeritate
495 1417 609 1461 nonum
632 1400 680 1462 ille
703 1400 810 1461 librum
834 1398 1067 1474 consarcinavit3
1088 1399 1168 1479 atqui
1188 1399 1311 1462 Aristo·

165 1503 239 1564 teles
265 1500 329 1581 ipse
358 1515 421 1560 non
449 1499 654 1579 pervolitando
677 1498 770 1579 (quod
792 1497 903 1559 mirum
924 1506 1069 1577 quantum
1092 1498 1226 1579 placebat
1247 1498 1310 1574 illi3

165 1601 202 1663 cl.
216 1598 292 1661 Plini
305 1598 427 1660 minoris
439 1598 524 1677 epist.
538 1597 576 1658 lll
589 1597 630 1677 5),
646 1598 697 1679 sed
712 1596 880 1659 tardissimo
896 1602 1012 1658 tanturn
1027 1595 1128 1659 labore
1144 1608 1174 1658 et
1189 1597 1263 1659 verti
1279 1607 1311 1660 et

165 1696 280 1777 excerpi
309 1703 440 1777 poterat3
476 1715 545 1775 ergo
576 1695 748 1775 gravissimo
780 1704 935 1757 auctorum
965 1694 1013 1756 ille
1047 1711 1108 1756 non
1137 1696 1214 1758 lecte
1236 1714 1309 1758 eru-

164 1796 283 1858 ditionis
304 1810 506 1856 se’oceanum
528 1794 664 1856 reddidit.
710 1794 786 1867 Quid
815 1794 895 1874 quod
917 1790 996 1854 inter
1016 1792 1116 1872 ignota
1142 1793 1192 1856 illa
1218 1797 1310 1857 etum

165 1895 360 1975 chrysophrys
383 1894 476 1956 adeat.
511 1892 668 1956 Nesciebat
689 1893 780 1972 igitur
801 1892 915 1954 Plinius
937 1892 977 1954 ita
993 1891 1049 1954 dici
1065 1899 1182 1955 auratas
1197 1894 1310 1974 quibus

166 1997 374 2057 Romanorum*
390 2001 479 2073 atque
502 2009 555 2055 sua
578 1992 671 2073 ipsius
687 1993 772 2072 siqua
795 1998 880 2054 erant
901 1991 1007 2053 vivaria
1022 1991 1163 2055 inundata
1178 1993 1309 2056 ridebat.

166 2093 276 2171 (Minus
314 2110 400 2172 grave
433 2098 479 2152 eat
512 2091 592 2171 quod
614 2089 722 2151 XXXll
739 2091 840 2152 154a
868 2091 951 2153 nullo
979 2098 1099 2153 auctore
1124 2093 1309 2155 nominatam

166 2193 362 2273 sphyraenam
385 2190 553 2270 dicit‘quao
584 2198 629 2250 est
655 2190 732 2270 apud
755 2189 944 2251 Aristotelem
978 2191 1094 2266 semel).
1139 2192 1234 2272 Atque
1249 2232 1252 2237 -
1267 2192 1310 2254 ita

164 2308 228 2354 rem
261 2309 294 2352 se
329 2289 438 2351 habere
470 2289 528 2349 iam
553 2287 752 2351 Schneiderus
774 2288 844 2349 olim
873 2288 1080 2367 pronuntiavit
1106 2288 1165 2368 (ed
1189 2291 1310 2353 Aristl

165 2409 194 2470 p.
211 2389 312 2467 llVlll)
335 2388 489 2468 simileque
511 2387 548 2448 de
561 2387 765 2467 Theophrasto
788 2388 824 2449 ad
848 2387 993 2467 Theophr.
1012 2388 1126 2462 V5403
1147 2387 1309 2470 Montigny‚

165 2488 287 2568 genium
301 2487 377 2549 Plini
399 2495 472 2567 puto
488 2504 527 2548 ne
547 2487 719 2561 offenderet,
742 2486 871 2548 mediam
893 2486 969 2547 riam
992 2485 1180 2566 ingressurus
1202 2488 1310 2568 legisse

167 2587 285 2667 quidem
308 2586 437 2647 Plinium
460 2603 562 2664 graeca
584 2585 696 2658 statuit,
727 2603 943 2665 saepenumero
966 2605 1036 2648 vero
1058 2586 1139 2648 locos
1161 2587 1232 2650 inde
1255 2606 1308 2650 ex-

167 2687 292 2767 scriptos
321 2703 383 2746 non
405 2683 442 2746 ad
465 2700 586 2746 manum
610 2682 748 2746 hahuisse
773 2684 902 2764 ideoque
924 2702 961 2746 ex
982 2685 1079 2764 Trogo
1103 2685 1220 2765 Nigidio
1242 2688 1309 2751 aliis

164 2803 233 2846 rem·
261 2782 317 2845 sibi
351 2781 556 2861 suppeditasse
574 2782 614 2857 tl.
638 2783 657 2843 l.
679 2802 707 2862 p.
727 2781 789 2860 52).
846 2782 1002 2845 biffidebat
1035 2784 1225 2848 Schneidero-
1249 2786 1317 2848 Sil-v

165 2883 251 2961 ligius
273 2897 396 2961 quoqne
417 2879 529 2955 (Stabr,
558 2880 680 2942 Aristot.
703 2881 732 2942 b.
755 2881 783 2942 d.
806 2881 949 2953 Romam,
982 2900 1010 2961 p.
1034 2882 1118 2956 100),
1143 2883 1308 2948 oblocutus

165 2989 211 3043 ost
244 2982 275 3042 A.
303 2980 341 3042 de
364 2979 538 3041 Gutschmid
570 2980 601 3040 in
633 2980 814 3043 Fleckeiseni
840 2982 918 3043 Anu.
945 2982 1042 3062 suppl.
1065 2982 1091 3044 ll
1113 3001 1141 3063 p.
1167 2984 1226 3047 179
1242 3003 1308 3066 sqq.

165 3082 262 3160 Atque
280 3078 361 3159 ‘apud
384 3079 464 3141 bunc
485 3078 643 3141 coniuncta
657 3079 747 3159 Trogi
762 3081 926 3159 fragmenta
942 3087 993 3143 aut
1016 3081 1051 3142 de
1065 3081 1175 3161 plantis
1197 3092 1249 3145 aut
1270 3085 1309 3146 de

166 3177 341 3241 animalibus
364 3184 437 3258 quot
460 3185 622 3257 supersunt
643 3178 743 3241 omnia
766 3195 828 3241 non
850 3179 973 3241 deducta
997 3178 1054 3240 nisi
1077 3189 1128 3242 aut
1150 3200 1186 3243 ex
1209 3184 1311 3246 Theo·

165 3278 285 3358 phrasto
308 3284 360 3338 aut
381 3294 417 3336 ex
439 3276 594 3337 Aristotele
622 3295 686 3338 esse
703 3275 816 3338 videbis
839 3277 889 3352 ita,
912 3286 947 3341 ut
967 3278 1021 3340 hos
1042 3279 1118 3342 duos
1140 3281 1255 3364 Toogus
1277 3303 1310 3346 se

165 3376 325 3439 conciliare
355 3374 430 3437 uelle
461 3374 568 3437 litteris
596 3374 696 3436 latinis
723 3376 876 3456 professus
908 3376 1002 3438 fuisse
1023 3376 1163 3441 videatur.
1210 3382 1308 3444 Unum

165 3475 222 3537 hoc
244 3472 325 3555 quod
349 3472 427 3553 apud
450 3472 615 3536 Charisium
639 3481 684 3534 est
705 3493 734 3553 p.
752 3473 821 3553 137,
838 3472 912 3536 all:
933 3479 1027 3557 itaque
1043 3474 1167 3560 Trogum
1188 3481 1223 3544 de
1242 3485 1310 3544 oei·

166 3573 289 3636 molibus
303 3570 377 3632 libro
393 3569 550 3650 Xpora'om
570 3589 759 3634 numerorum
780 3584 808 3634 et
831 3577 989 3654 imperium
1014 3593 1074 3638 ooo
1097 3586 1171 3639 recte
1193 3580 1308 3651 delaissa,

165 3672 214 3733 sed
224 3687 331 3751 purum
344 3679 371 3730 et
391 3672 536 3748 imperem
558 3669 660 3750 (atque
675 3672 918 3734 memorabile-id
933 3691 1053 3754 quoque
1068 3675 1140 3737 haec
1162 3695 1197 3739 ex
1213 3678 1308 3741 Plinio

166 3770 230 3849 ipso
254 3767 443 3847 grammatico
465 3768 647 3849 prompsisse
670 3769 857 3851 charisium),
880 3771 1063 3834 dubitantius
1085 3773 1308 3838 Gutscbmidius

169 3869 206 3931 ad
228 3866 393 3928 Aristotelis
415 3885 443 3946 p.
460 3865 521 3928 680
538 3865 595 3928 B3
622 3869 736 3931 rettulit
768 3869 818 3931 ubi
851 3869 949 3932 echini
981 3885 1044 3933 non
1076 3872 1217 3936 dicuntur
1249 3875 1309 3938 nisi

167 3964 275 4027 habere
297 3965 357 4026 ἴσα
378 3986 414 4026 ca
434 3963 479 4047 uqi
506 3959 642 4047 ἀριθμῷ
667 3965 709 4028 τὰ
735 3963 784 4051 ᾠὰ
809 3969 866 4031 καὶ
888 3965 1042 4051 περιττάς
1074 3970 1254 4051 probabilius
1276 3974 1309 4035 ni

165 4065 251 4128 fallor
275 4064 312 4125 ad
330 4064 479 4145 'polypoda
501 4065 663 4128 rettulisset
685 4085 760 4147 quas
782 4068 952 4129 Aristoteles
975 4087 1004 4148 p.
1022 4068 1083 4130 708
1098 4069 1121 4130 B
1136 4070 1155 4129 5
1172 4088 1238 4150 sqq.
1260 4070 1308 4132 in·
1379 4061 1381 4065 ’

167 4163 274 4226 cedere
306 4181 395 4244 posse
428 4172 530 4225 narrat
547 4182 622 4227 -non
656 4166 751 4228 solum
785 4166 905 4246 paribus
938 4177 1065 4230 numero
1097 4168 1223 4248 pedibus
1256 4171 1308 4232 sed

169 4262 257 4325 etiam
290 4261 462 4342 imparibus.
506 4263 639 4344 Denique
665 4263 776 4325 Plinius
802 4283 879 4346 quae
905 4262 941 4326 de
966 4285 1001 4327 se
1022 4267 1119 4328 rulere
1142 4268 1308 4349 praetendit

167 4361 230 4423 Tlll
246 4362 300 4436 lt,
330 4362 425 4423 valere
455 4361 526 4424 haec
554 4361 590 4424 de
619 4363 715 4442 Trogo
745 4362 870 4436 sciebat,
900 4361 1012 4426 scilicet
1033 4365 1307 4447 quinquaginta
