2962 5010
614 289 857 354 -200-

166 467 360 549 Epistularum
375 467 498 529 omnino
513 466 674 529 addidisset
690 467 720 528 ni
734 467 828 539 fallor,
844 466 902 529 nisi
916 467 1041 529 alterum
1054 465 1136 528 alteri
1152 465 1313 527 titulorum

165 586 313 650 opponere
328 567 477 639 voluisset,
499 566 739 648 quandoquidem
758 566 876 628 titulum
892 583 989 646 neque
1003 566 1109 646 reliqui
1124 564 1314 645 grammatici

165 668 272 729 addere
299 666 398 728 solent
424 684 521 746 neque
550 665 699 727 Charisius
727 666 790 747 ipse
818 665 928 727 addidit
955 665 1047 727 altero
1076 665 1141 727 loco
1164 685 1192 746 p.
1210 664 1313 726 2041<

166 769 236 829 dum
259 768 337 829 Artis
364 784 484 828 versum
507 765 620 846 459sq.
643 766 757 829 laudat:
788 763 939 827 Horatius:
961 766 1045 838 „licet
1065 768 1222 828 succurrite
1247 764 1314 826 lon-

163 887 232 948 gum
255 866 384 929 clamet‘.
421 865 555 946 lienique
578 866 616 928 de
631 865 743 927 Charisi
759 865 855 929 verbis
872 865 1061 947 explanandis
1085 872 1131 927 est
1145 865 1234 927 etiam
1252 883 1313 943 quo

166 967 335 1031 discordare
356 984 424 1028 cnm
447 965 686 1044 Zangemeistero
709 981 771 1027 non
792 965 859 1027 sine
880 965 979 1027 fructu
1002 963 1122 1045 possim.

251 1066 375 1128 Pisones
409 1083 478 1127 vero
512 1064 622 1146 quibus
660 1064 749 1127 missa
787 1066 841 1125 hrs
878 1063 935 1126 luit
972 1063 1003 1125 in
1037 1081 1069 1125 re
1102 1063 1215 1142 poetica
1251 1080 1313 1124 non

166 1167 300 1228 videmus
323 1183 442 1226 curasse
476 1164 534 1225 nisi
567 1163 742 1241 tragoedias,
775 1182 873 1243 neque
908 1163 999 1242 magis
1034 1162 1199 1242 tragoedias
1234 1163 1314 1242 ipsas

167 1284 254 1345 quam
293 1264 432 1344 satyricae
466 1263 579 1325 fabulas
618 1262 688 1335 (huc
720 1262 799 1324 enim
832 1263 975 1324 concedet
1008 1259 1059 1341 qui
1091 1260 1188 1339 legere
1220 1261 1313 1324 libros

166 1381 226 1425 nou
245 1363 336 1424 oculis
352 1363 458 1434 solum,
483 1362 535 1422 sed
551 1368 651 1422 mente
667 1380 786 1442 quoqne
800 1359 1015 1441 consueverit);
1038 1378 1141 1422 vereor
1156 1361 1258 1441 itaquo
1274 1380 1313 1422 ne

167 1462 207 1523 illi
231 1470 260 1523 et
281 1462 399 1541 ingenio
416 1480 470 1523 suo
486 1469 516 1523 et
531 1461 630 1524 indole
647 1470 677 1523 et
691 1460 845 1541 disciplina
862 1460 898 1522 ab
917 1461 989 1541 ipsis
1004 1479 1038 1522 ae
1052 1459 1128 1522 veris
1143 1461 1314 1540 hugusleae

168 1561 272 1623 aetatis
305 1560 411 1623 litteris
445 1561 599 1623 alieniores
632 1559 752 1632 luerint,
786 1560 935 1623 affiniores
968 1576 1038 1620 varo
1061 1558 1239 1621 Ciceronum
1269 1559 1311 1621 illi

169 1660 285 1722 saeculo
308 1679 367 1739 quo
384 1659 603 1739 incomparabili
623 1667 674 1721 aut
693 1659 802 1738 ingenii
817 1667 868 1721 aut
883 1677 989 1720 manns
1005 1657 1131 1736 agilitate
1147 1658 1314 1721 conscribi·

167 1759 285 1821 litandis
307 1759 467 1837 tragoediis
483 1758 639 1820 cotidianis
654 1759 716 1821 iere
738 1759 869 1820 insanire
891 1759 927 1820 ad
951 1757 1154 1821 doctissimum
1172 1766 1203 1820 et
1217 1759 1313 1823 hone-

168 1859 334 1921 stissimum
357 1875 507 1938 quemque
535 1858 708 1937 pertinebat.
754 1858 840 1920 Certe
862 1857 1016 1938 satyricam
1040 1857 1215 1920 Ciceronum
1238 1859 1313 1921 alter

169 1966 215 2020 est
238 1975 328 2037 quem
351 1957 555 2037 composuisse
588 1956 716 2018 sciamus
750 1956 889 2018 fabulam.
933 1957 1030 2036 Atque
1052 1957 1153 2018 eadem
1175 1964 1314 2037 tempora

169 2058 231 2120 iere
253 2056 361 2137 Lyncei
383 2055 569 2135 Propertiani
592 2056 727 2117 animum
748 2055 861 2118 referre
883 2055 1074 2131 crediderim
1101 2055 1189 2117 huius
1212 2064 1313 2118 autem

173 2156 315 2220 orationis
337 2151 479 2238 λήκυθοι
502 2163 580 2216 certe
603 2155 798 2233 aVergiliana
820 2156 869 2217 illa
892 2155 1007 2218 licentia
1028 2165 1144 2235 sumpta
1167 2156 1314 2236 pudenter

173 2255 300 2317 multum
338 2252 496 2315 distabant.
541 2254 642 2333 ltaque
676 2272 713 2316 an
750 2253 787 2315 ab
823 2253 894 2334 ipsis
928 2253 1173 2316 obtrectatoribus
1208 2255 1314 2334 Vergili

173 2352 388 2433 Vergiliumque
402 2353 549 2415 sermonis
566 2353 689 2415 Pisones
705 2360 783 2416 stare
804 2353 927 2416 omnino
951 2371 1012 2416 nou
1036 2353 1189 2433 potuerint
1203 2354 1313 2417 hasdo.

173 2452 270 2514 Nihilo
292 2451 392 2513 minus
415 2471 518 2514 versus
533 2452 611 2514 Artis
627 2451 751 2517 48—72
776 2452 824 2528 (de
846 2452 953 2533 quibus
976 2452 1121 2515 Michaelis
1137 2470 1166 2532 p.
1181 2452 1244 2514 422
1255 2453 1315 2533 sq.)

173 2569 246 2612 num
269 2559 336 2631 apte
358 2551 393 2613 ad
416 2551 555 2614 Pisonem
578 2562 691 2633 patrem
715 2553 844 2613 maxime
865 2552 1068 2614 scriberentur
1089 2569 1222 2633 numque
1253 2553 1316 2615 dis-

173 2651 281 2731 plicere
307 2651 401 2712 oratio
423 2650 561 2713 Aeneidis
585 2660 614 2712 et
635 2651 706 2713 huie
727 2659 756 2712 et
778 2651 841 2712 aliis
865 2650 1010 2731 potuisset
1031 2670 1172 2732 quaerere
1197 2636 1315 2715 distuli:

174 2745 237 2826 ἐγώ
264 2745 325 2830 μὲν
352 2740 391 2810 ori
418 2745 482 2811 ose
509 2747 612 2813 ταῦτα
634 2746 873 2832 praeceperimus
896 2766 950 2810 nec
972 2749 1048 2811 seire
1070 2750 1113 2813 las
1136 2756 1182 2811 est
1204 2751 1315 2812 omnia.

259 2848 293 2908 ln
315 2848 430 2928 plagula
446 2856 547 2911 auteur
562 2849 695 2929 proxima
710 2848 797 2911 simul
813 2856 843 2911 et
857 2855 1009 2931 postrema
1023 2848 1155 2930 ipsorum
1173 2849 1317 2912 Halieuti·

174 2964 277 3007 corum
308 2948 466 3011 latinorum
501 2948 661 3027 imaginem
692 2948 908 3029 complanatam
936 2948 979 3009 sic
1006 2950 1066 3010 lere
1096 2957 1129 3011 ut
1159 2948 1317 3011 obvenisse

174 3044 268 3107 Plinio
292 3049 430 3110 credatur
450 3049 608 3111 ostendere
623 3048 770 3111 voluimus
794 3046 954 3111 arbitrariis
975 3047 1015 3109 ibi
1037 3047 1158 3111 intextis
1180 3047 1231 3111 ubi
1249 3065 1316 3110 vera

174 3145 312 3208 latebant.
