2962 5010
636 292 878 355 -101-

184 480 371 538 vesceremur,
388 479 439 530 aut
454 473 530 529 viras
544 479 652 530 actara
668 469 742 529 dedit
757 478 807 529 aut
822 468 1007 543 celeritatem
1028 488 1105 548 quae
1120 488 1224 549 parum
1240 492 1329 534 accu-

183 579 245 630 rate
269 569 344 629 dieta
360 567 579 642 animadverte3
601 567 733 628 celeritas
757 567 835 629 anim
851 568 881 629 ni
896 567 980 628 fallor
994 568 1132 647 primitus
1147 589 1195 630 eas
1211 577 1328 633 tantum

184 667 290 727 bestias
314 675 418 726 notare
440 673 556 744 poterat
578 684 653 745 quae
677 666 821 744 effugiunt
844 663 956 727 viribus
983 675 1119 728 carentes
1141 666 1328 750 debehatque

183 766 285 826 scribi:
311 766 366 837 „At
389 764 458 845 quia
482 764 582 826 multis
606 764 729 826 bestiis*
753 765 797 826 vel
822 773 865 838 ut,
879 765 1081 827 coniecturam
1103 766 1261 828 faciamus:
1294 767 1327 828 dr

181 864 320 944 siquibus
336 863 429 925 hestiis
444 882 504 943 eqs.
539 863 618 924 Haec
633 869 733 924 autem
749 863 844 924 fusius
860 863 1043 942 explicantur
1065 863 1096 924 in
1119 864 1183 943 ipso
1200 885 1326 928 excursu

182 963 343 1040 poematis3
365 962 447 1022 cuius
470 979 574 1023 sensus
589 961 635 1022 his
651 960 746 1022 verbis
761 961 980 1040 comprimitur:
1003 960 1108 1043 Saepta
1122 968 1203 1045 sapui
1218 975 1326 1026 battare

183 1071 274 1121 monet
296 1059 341 1121 ael
362 1063 518 1122 comminus
539 1064 580 1121 ire
604 1062 652 1134 (cl.
677 1059 765 1121 etiam
789 1061 1082 1122 occultationem
1107 1064 1183 1141 apud
1207 1063 1325 1126 Cicero-

183 1178 249 1219 nem
270 1158 350 1235 127).
392 1158 488 1239 Atque
514 1177 581 1220 cum
604 1177 707 1220 canaam
733 1161 829 1238 sagaci
851 1162 955 1221 uirtute
980 1161 1108 1222 venandi
1121 1144 1194 1238 (Hir.
1212 1162 1252 1222 75
1266 1164 1324 1243 sq.)

180 1258 360 1320 contendere
375 1258 456 1319 iuvat
468 1259 525 1320 Cic.
542 1263 559 1331 §
574 1257 648 1320 158:
685 1255 816 1320 Cabum.
831 1304 836 1318 .
853 1267 954 1318 ..tam
968 1256 1141 1320 incredibilis
1156 1259 1194 1320 ad
1208 1264 1323 1322 inaesti-

177 1356 303 1434 quadam
329 1361 468 1436 capacitas
490 1361 615 1428 bardam,
643 1366 725 1418 tauta
740 1356 875 1420 alacritas
897 1360 928 1418 io
953 1359 1101 1434 ocbaado3
1123 1357 1158 1419 cl.
1176 1359 1323 1422 Plutarchi

179 1474 207 1533 p.
225 1455 286 1515 969
302 1455 332 1516 Β.
1024 1520 1030 1529 ,

263 1555 321 1616 Sed
346 1554 426 1617 enim
450 1555 481 1617 in
505 1552 566 1615 v.3
591 1561 676 1634 poeta
700 1551 789 1614 simul
813 1553 922 1617 mirum
937 1554 969 1616 in
992 1556 1115 1616 modum
1139 1559 1322 1637 exaggeravit

178 1673 239 1715 rem
263 1654 443 1733 variavitque
467 1661 500 1713 ut
522 1653 644 1713 adderet
667 1650 703 1712 de
726 1653 835 1714 vitulo:
857 1650 918 1723 Qui
938 1655 1066 1715 noudum
1084 1658 1158 1734 perit
1178 1659 1209 1716 tu
1224 1667 1322 1718 tenera

177 1758 235 1814 iam
251 1771 360 1813 caratam
373 1754 477 1830 [rorata.
516 1753 598 1824 Quae
620 1769 635 1810 a
658 1767 691 1810 re
713 1752 806 1812 aliena
823 1752 989 1813 Lucretiani
1013 1753 1067 1814 loci
1089 1753 1245 1815 imitationi
1269 1756 1320 1816 de-

178 1853 286 1912 bentur
309 1850 405 1910 notati
437 1849 496 1909 iam
519 1868 535 1909 a
557 1849 707 1928 Zingerleo
731 1850 841 1930 quique
863 1850 902 1912 ita
925 1852 987 1912 sare
1010 1870 1026 1913 a
1050 1851 1228 1914 doctissimis
1251 1853 1320 1916 viris

177 1949 274 2010 editur
293 1949 316 2008 V
332 1947 425 2008 1028:

276 2088 312 2147 ht
335 2085 431 2146 varios
454 2086 570 2165 linguae
593 2087 710 2148 sonitus
732 2096 838 2148 natura
859 2087 975 2168 subegit

275 2187 389 2246 Mittere
413 2192 443 2246 et
465 2185 576 2247 utilitas
600 2187 744 2265 expressit
768 2186 889 2262 nomina
912 2205 1024 2262 rerum,

274 2284 341 2345 Non
363 2283 419 2344 alia
442 2284 528 2363 longe
551 2284 666 2346 ratione
689 2292 777 2365 atque
800 2285 862 2365 ipsa
885 2285 1002 2347 videtur

273 2383 448 2444 Protrahere
472 2382 508 2442 ad
531 2390 646 2462 gestum
669 2382 924 2463 pueros‘infantia
945 2385 1064 2464 linguae

272 2483 346 2542 Cum
369 2480 437 2542 lacit
460 2488 494 2541 nt
517 2480 608 2559 digito
632 2499 707 2562 qnae
730 2482 791 2543 sint
813 2484 977 2562 praesentia
1001 2493 1181 2546 monstrent.

272 2580 367 2642 Sentit
390 2579 468 2641 enim
491 2580 550 2641 vim
573 2580 699 2661 quisque
723 2598 806 2642 suam
830 2582 927 2663 quoad
951 2582 1045 2661 possit
1067 2582 1158 2644 abuti.

272 2679 413 2739 Cornua
436 2688 506 2741 nata
527 2675 611 2759 prius
634 2678 753 2741 vitulo
777 2699 865 2761 quam
887 2681 1037 2743 frontibus
1061 2689 1162 2744 extent

271 2778 330 2838 lllis
353 2777 446 2838 iratus
469 2777 543 2856 petit
564 2787 654 2857 atque
677 2776 802 2840 infestus
826 2779 953 2859 inurget.

270 2877 308 2936 ht
329 2874 445 2936 catuli
466 2877 680 2954 pantherarum
703 2878 875 2959 scymnique
898 2879 1054 2941 leonum

272 2973 423 3052 Unguibus
446 2992 480 3034 ac
500 2974 625 3053 pedibus
648 2975 708 3035 iam
730 2983 795 3037 tam
818 2994 1017 3057 morsuque
1039 2990 1269 3059 repugnant,

268 3073 321 3134 Vix
344 3071 431 3132 etiam
455 3090 523 3133 cnm
545 3079 616 3134 sunt
638 3073 742 3135 dentes
764 3092 940 3155 unguesque
962 3074 1062 3137 creati.

268 3170 436 3232 Alituum
460 3189 550 3250 porro
572 3190 666 3250 genus
690 3173 742 3233 alis
766 3191 855 3234 omne
876 3173 1010 3235 videmus

268 3269 372 3330 Fidere
395 3280 424 3331 et
448 3288 463 3330 a
486 3269 612 3350 pinnis
634 3270 795 3332 tremulum
819 3279 920 3351 petere
942 3273 1124 3336 auxiliatum.

168 3398 225 3458 Sad
249 3400 328 3460 enim
345 3400 500 3463 Lucretius
524 3419 612 3482 quem
635 3400 739 3479 legisse
762 3400 882 3482 quidem
905 3401 996 3463 libros
1012 3401 1166 3485 Chrysippi
1190 3406 1312 3468 minime

167 3496 360 3576 improbabile
375 3508 421 3561 ost
436 3499 486 3579 (cf.
499 3500 566 3561 adn.
579 3498 713 3561 Munrois
729 3499 763 3560 ad
780 3500 793 3560 l
810 3499 880 3560 430.
894 3497 966 3561 459.
980 3500 1041 3562 782
1064 3512 1094 3564 et
1108 3503 1242 3583 passim),
1267 3516 1311 3568 ta-

168 3615 238 3658 men
254 3616 373 3677 prorsus
390 3599 468 3660 aliud
485 3599 530 3660 his
547 3597 689 3679 exemplis
713 3599 788 3660 effici
804 3597 909 3660 voluit:
932 3598 1032 3661 infans
1048 3609 1206 3683 antequam
1230 3605 1310 3685 loqui

167 3703 265 3774 potest
285 3695 343 3756 iam
360 3697 416 3757 vim
434 3705 533 3760 tamon
547 3706 784 3778 potestatemque
800 3697 941 3778 loquendi
955 3697 1010 3760 sibi
1026 3701 1193 3763 adfuturam
1209 3703 1309 3766 sentit.

167 3793 267 3874 ltaque
288 3813 392 3856 verum
415 3797 533 3875 pondos
556 3797 633 3876 apud
650 3795 820 3859 lucretium
844 3797 975 3878 positum
999 3799 1096 3859 estin
1119 3819 1189 3861 voce
1207 3806 1309 3881 priusss

165 3911 251 3971 qoam
274 3902 303 3953 et
327 3897 383 3955 oeta.
430 3893 569 3975 Sequitur
590 3903 689 3956 autem
723 3914 771 3956 me
804 3895 899 3957 iudice
922 3904 955 3957 ut
977 3916 1003 3956 v.
1024 3895 1103 3957 1033
1127 3898 1177 3978 qui
1199 3899 1239 3961 ita
1261 3901 1309 3961 iu-

164 3991 246 4052 libris
271 3997 328 4052 est:
353 3990 443 4063 Sentit
470 3996 544 4054 anim
571 3997 613 4054 ais
636 3997 750 4074 quisque
775 4013 858 4057 suam
884 3996 959 4076 qaod
975 3999 1062 4075 possit
1082 3996 1163 4058 abuti
1181 3999 1309 4076 graviter

165 4090 333 4151 destructus
355 4091 393 4152 sit
415 4080 449 4154 aa
471 4091 555 4153 foede
583 4091 779 4172 interpolatus
808 4093 955 4173 siquidem
979 4093 1096 4155 dedisse
1119 4114 1240 4157 necesse
1264 4106 1309 4159 est

164 4197 294 4266 poetam:

265 4301 363 4363 Sentit
384 4303 464 4365 euim
487 4302 530 4364 ris
552 4303 679 4384 quisquo
702 4305 784 4384 prius
807 4323 896 4383 quam
918 4303 1013 4384 possit
1035 4305 1131 4378 abuti3

163 4426 294 4504 prodidit
308 4447 341 4489 se
361 4429 556 4508 interpolator
571 4448 640 4491 voce
654 4448 751 4492 saram:
773 4430 884 4510 quippe
906 4433 964 4493 nim
978 4431 1074 4509 legera
1088 4430 1137 4493 ille
1152 4431 1210 4494 sihi
1225 4433 1306 4496 vide-
