2962 5010
612 252 857 317 -156—

164 428 252 489 etiam
282 435 388 508 poetae
418 428 532 490 cuidam
563 428 696 490 eiusdem
732 429 794 491 iere
826 429 932 491 aetatis
960 429 1106 508 placuisse
1135 429 1311 502 ostendam3

165 546 234 588 nam
268 527 300 588 in
322 526 431 588 Nucis
458 527 548 608 elegia
574 527 658 590 cuius
681 527 880 590 emendationi
903 536 1022 608 tempus
1045 527 1179 589 debitum
1202 534 1319 589 nemo-'

164 626 235 687 dum
259 625 430 705 impendere
452 627 562 688 vacavit
583 646 652 688 cum
675 627 918 708 corruptissimus
939 645 1042 689 versus
1065 627 1105 688 sit
1118 625 1174 686 95:

265 747 386 811 Lamina
410 749 504 812 mollis
526 749 623 812 adbuc
644 751 828 813 tenetosin
851 751 936 824 lacte,
960 751 1038 831 quod
1061 750 1140 831 intro
1161 758 1208 810 est

164 893 263 956 neque
286 875 446 956 quidquam
470 877 549 957 qnod
572 877 631 956 veri
655 887 685 940 et
707 877 829 959 ingenui
851 876 945 941 simile
973 876 1053 939 dicas
1076 875 1235 938 doctorum
1258 891 1313 935 sa-

163 974 273 1053 gacitas
295 973 450 1054 indagant,
487 974 564 1036 hanc
596 975 669 1037 mihi
691 975 885 1056 scriptionem
909 992 1016 1038 sensus
1038 991 1175 1037 summus
1197 971 1314 1052 ubique

165 1080 268 1135 auctor
290 1072 436 1135 obtrudit:

264 1185 302 1245 lit
324 1184 397 1246 mibi
420 1193 552 1248 maturos
574 1202 727 1266 nunquam
749 1186 817 1248 licet
839 1185 926 1248 edere
949 1185 1062 1246 foetus:

307 1284 383 1346 Ante
405 1283 542 1364 diemque
565 1303 647 1347 meae
669 1285 862 1347 decutiuntur
884 1302 965 1363 opes.
1121 1362 1123 1366 Ι

266 1381 387 1445 Lamina
411 1381 507 1445 mollis
528 1384 625 1446 adbuc
646 1383 811 1469 ostendit
832 1383 907 1444 lacte
931 1381 1011 1463 quod
1034 1379 1114 1441 intro
1137 1385 1184 1440 est

307 1479 475 1544 Frondibus
498 1489 528 1543 et
549 1481 661 1544 teneris
683 1499 745 1543 non
768 1481 867 1543 minus
889 1480 953 1561 ipsa
975 1479 1064 1549 viret:

265 1578 327 1640 lam
351 1587 451 1642 tamen
474 1580 606 1642 invenias
629 1579 689 1660 qui·
703 1597 750 1641 me
772 1579 938 1642 iaculentur
952 1595 1013 1657 eqs.
1094 1642 1099 1649 ,

166 1689 283 1752 Scilicet
314 1709 368 1770 pre
401 1711 437 1753 eo
471 1710 559 1755 vorsu
592 1692 643 1772 qni
675 1692 752 1754 solet
782 1692 897 1772 placere
923 1684 1313 1771 pertremendum

165 1805 259 1867 paene
281 1788 401 1851 ridicule
424 1789 620 1871 interpolato:

309 1901 370 1962 Nec
392 1903 467 1964 mala
490 1911 562 1966 sunt
583 1903 634 1964 ulli
657 1910 761 1966 nostra
783 1901 884 1964 lutura
906 1901 985 1963 beno

166 2010 305 2073 vicarium
321 2030 375 2092 pro
398 2013 536 2075 facultate
559 2021 660 2076 nostra
683 2022 786 2094 aptum
809 2011 983 2074 substruere
1006 2007 1104 2098 conati
1126 2022 1241 2069 snmus.

251 2110 346 2188 Atque
379 2111 437 2171 iam
460 2111 537 2172 Plini
560 2112 698 2173 manibus
719 2119 868 2173 versatum
890 2108 1079 2172 Aristotelem
1101 2105 1223 2168 latinum
1247 2120 1314 2165 esse

168 2216 403 2269 consentaneum
433 2208 479 2270 sit.
524 2209 629 2271 Nescio
652 2218 750 2272 autem
774 2227 846 2272 num
874 2208 1019 2289 explicare
1044 2203 1116 2268 inde
1138 2202 1201 2266 rem
1217 2197 1312 2264 'liceat

167 2305 346 2384 stupendam
373 2306 435 2368 lere
468 2315 497 2368 et
529 2308 612 2370 cuins
635 2328 650 2370 a
673 2325 745 2370 sano
768 2326 888 2388 qnoque
909 2304 1015 2386 aliquis
1041 2303 1203 2384 explicatus
1235 2298 1311 2380 exigi

168 2392 282 2465 debeat.
326 2405 429 2466 Risum
453 2406 585 2468 contine:
614 2406 728 2470 Plinius
745 2407 807 2470 Vlll
822 2407 863 2469 40
886 2405 1031 2468 bonasnm
1060 2403 1091 2465 in
1113 2398 1311 2479 luga-fimum

167 2501 289 2563 reddere
312 2503 425 2566 iocatur
446 2505 558 2567 trium
582 2505 757 2585 iugerum
784 2503 1045 2584 longitndine:
1067 2501 1118 2563 sed
1140 2496 1311 2563 Aristotelea

168 2599 279 2680 optime
301 2620 330 2680 p.
346 2602 408 2663 630
424 2603 446 2662 Β
463 2601 498 2664 8:
533 2600 691 2683 ἀμύνεται
718 2600 756 2666 δὲ
780 2599 942 2674 λακτίζων
971 2598 1027 2662 καὶ
1051 2592 1313 2682 πραςαφοδεύων

168 2693 224 2758 καὶ
266 2696 324 2770 εἰς
359 2700 554 2782 τέτταρας
588 2693 758 2782 ὀργυιὰς
794 2695 855 2784 ἀφ’
879 2697 997 2762 ἑαυτοῦ
1023 2695 1160 2782 ῥίπτων.
1208 2694 1318 2773 ltaque·

169 2795 248 2858 unde
279 2797 389 2859 lactum
424 2798 463 2860 sit
499 2801 638 2880 speculor
659 2808 693 2861 nt
725 2817 785 2862 non
820 2800 916 2862 solum
946 2805 1026 2859 tres
1053 2800 1235 2876 ponerentur
1255 2808 1312 2872 pro

169 2903 364 2975 quattuor,
398 2898 449 2959 sed
483 2898 571 2960 ctiam
605 2896 660 2979 pro
693 2897 869 2978 passibus
906 2894 952 2959 rel
974 2890 1085 2957 ¹ulnis
1120 2885 1223 2970 (ulnae
1255 2906 1312 2970 pro

169 2994 275 3074 orgyiis
297 2995 410 3074 positae
428 2995 503 3057 Plin.
519 2995 660 3058 XV1202
676 3004 706 3058 et
724 2995 797 3071 133)
820 2995 865 3057 vel
886 3012 941 3076 pro
957 3008 1098 3056 mensura
1113 2989 1201 3052 simili
1214 3004 1313 3081 pone·

168 3100 274 3154 rentur
295 3092 423 3172 iugera
446 3095 570 3156 omnino
585 3114 619 3158 ea
641 3115 656 3157 a
680 3093 911 3175 longitudinibus
926 3088 1116 3171 designandis
1131 3089 1226 3150 aliena
1241 3083 1312 3164 (nisi

169 3193 249 3271 quod
270 3193 362 3254 semel
384 3198 606 3275 sesquirbperum
629 3195 669 3257 ita
691 3195 769 3275 apud
784 3193 913 3256 Plinium
929 3191 1053 3270 legimus
1067 3196 1102 3251 ut
1123 3184 1311 3249 latitudinem

169 3291 303 3370 designet
322 3293 359 3353 lV
379 3291 443 3369 31),
476 3311 535 3373 quo
570 3309 671 3354 errore
703 3301 734 3354 et
766 3292 828 3371 ipsa
861 3290 909 3353 illa
942 3288 1046 3352 bonasi
1069 3286 1159 3348 entus
1181 3285 1313 3346 immane

169 3396 315 3468 quantum
349 3387 563 3469 exaggeratur?
606 3392 652 3452 dn
674 3390 818 3470 scriptum
842 3389 911 3450 olim
945 3404 1047 3466 graece
1074 3380 1130 3445 καὶ
1159 3381 1207 3455 εἰς
1235 3382 1313 3462 τρία

169 3484 305 3569 πλέθρα
330 3486 423 3548 luisse
445 3488 582 3566 cuiquam
597 3485 849 3567 persuadebitur?
872 3486 950 3560 Quid
972 3481 1065 3548 vero?
1088 3482 1165 3563 apud
1181 3482 1312 3560 Trogum

168 3585 313 3665 scriptum
337 3585 428 3647 fnisse
449 3586 511 3647 lere
533 3587 576 3647 sic
595 3603 764 3647 sumamus:
789 3585 917 3666 defendit
937 3603 966 3649 se
986 3587 1026 3647 ito
1046 3593 1079 3645 ut
1099 3585 1207 3643 armeus
1226 3594 1313 3641 meon

168 3684 270 3746 reddat
290 3694 317 3746 et
337 3694 492 3764 quotenos
504 3701 557 3764 per
570 3686 686 3762 erpuino
707 3682 789 3765 longe
809 3684 966 3747 laedetur:
989 3682 1073 3746 solita
1089 3674 1203 3742 Plinius
1225 3676 1311 3740 lesti-

169 3782 289 3844 natione
311 3800 407 3862 neque
428 3784 539 3862 graecis
560 3781 737 3851 lectionibus
759 3783 850 3846 nimis
871 3780 1014 3846 adsuetus
1034 3781 1132 3860 legere
1151 3776 1209 3841 slbi
1231 3774 1313 3838 vne-

169 3880 273 3942 batnr:
304 3892 337 3942 ut
369 3892 476 3942 serrem
506 3900 591 3943 samm
622 3883 725 3944 reddor
757 3893 840 3965 etque
872 3893 955 3946 temo
973 3898 1026 3962 per
1047 3883 1146 3958 torpere
1171 3873 1314 3937 iaculetur

171 3976 231 4053 (hic
250 3977 300 4039 ille
321 3995 480 4058 errorque
502 3979 533 4043 in
550 3980 678 4043 Homero
693 3981 784 4044 latino
798 4001 825 4044 v.
844 3979 900 4044 181
919 3979 1008 4044 etiam
1023 3975 1174 4058 longoque
1186 3973 1313 4040 seban
1390 3982 1392 3987 '

169 4075 308 4138 scribitur
328 4097 383 4157 pro
405 4076 501 4160 Longo
523 4083 726 4161 puotmdems).
770 4081 916 4146 audacior
945 4077 1114 4142 coniectura
1136 4073 1187 4136 sed
1208 4080 1311 4134 temen

169 4193 228 4254 qua
250 4175 330 4237 credi
353 4175 535 4242 incredibilia
557 4181 723 4262 prohibeas.

255 4274 397 4355 Superest
407 4276 494 4360 Trogi
512 4279 593 4342 locus
610 4281 687 4362 apud
699 4279 828 4342 Plinium
839 4276 890 4342 vn
902 4276 942 4340 33
959 4277 995 4339 de
1012 4292 1072 4357 quo
1090 4264 1177 4335 verba
1189 4266 1310 4332 fecerim

170 4380 200 4435 et
218 4382 341 4455 propter
355 4392 419 4438 rem
435 4385 465 4439 et
479 4386 513 4440 ut
528 4397 616 4459 quam
633 4368 907 4442 mutili'lristotelis
922 4376 989 4438 libri
1004 4374 1140 4453 legantur
1154 4369 1309 4432 illustrem.
