2962 5010
611 333 855 396 -198—

163 511 346 572 mentatione
375 510 555 590 pereleganti
577 510 629 572 Die
650 510 849 572 Horazisoben
872 509 1000 572 Pisonen
1030 510 1123 572 indita
1150 529 1307 573 commen-

162 609 324 671 rationibus
354 609 509 689 philologis
543 609 574 671 in
607 609 753 670 honorem
786 608 842 669 Th.
870 609 1048 670 Mommseni
1082 630 1110 689 p.
1137 610 1201 671 420
1222 629 1308 691 sqq.;

163 709 301 789 scriptam
336 709 415 769 enim
439 710 540 769 Artem
569 709 664 788 arguit
693 725 753 769 non
775 717 842 787 post
870 724 981 769 annum
1004 727 1030 768 a.
1054 728 1083 769 u.
1100 708 1171 770 735.
1218 710 1306 782 Quod

163 808 186 869 si
210 807 240 868 in
264 807 380 868 calculis
403 807 478 868 meis
502 807 633 868 metricis
656 806 808 868 Horatium
833 806 955 885 plenum
979 807 1188 883 exhibuissem,
1216 827 1307 887 argu-

163 906 257 967 menti
279 908 343 967 loco
366 907 403 968 ad
426 926 476 967 eos
498 924 706 987 provocarem:
732 906 914 968 nunclidem
938 906 979 967 eis
1003 915 1037 968 ut
1058 906 1123 987 ipse
1138 907 1243 974 babeo.
1266 909 1306 970 ita

163 1016 264 1068 tamen
280 1004 352 1066 alios
367 1005 520 1067 habituros
538 1024 603 1067 esse
619 1005 755 1084 despero.
787 1004 934 1077 Quoniam
952 1024 1020 1067 vero
1036 1007 1217 1085 argumentis
1235 1008 1306 1069 dum

164 1105 229 1167 sine
252 1105 433 1184 argumentis
462 1103 564 1165 diffido
604 1121 702 1184 neque
729 1105 791 1166 viro
820 1103 991 1166 doctissimo
1020 1122 1117 1185 neque
1141 1124 1209 1167 vero
1234 1108 1306 1168 mihi

164 1204 221 1284 ipsi
243 1203 379 1284 placebo,
412 1204 448 1264 de
471 1222 557 1264 versu
581 1204 684 1264 saltem
708 1203 786 1264 Artis
810 1202 952 1284 obloquor
970 1203 1029 1264 157
1054 1204 1151 1280 (nich.
1174 1225 1203 1286 p.
1221 1205 1306 1282 429).

165 1303 239 1365 Nam
263 1321 332 1364 cum
353 1303 426 1364 haec
445 1301 553 1364 tradita
576 1301 736 1381 accepisset
759 1319 884 1381 magnus
907 1302 1075 1364 Bentleius:

264 1415 378 1477 Aetatis·
398 1413 542 1494 cuiusque
563 1412 689 1474 notandi
712 1422 782 1475 sunt
804 1413 858 1475 tibi
881 1433 979 1476 mores

263 1513 480 1592 Mobilibusque
503 1513 592 1574 decor
612 1512 726 1575 naturis
750 1513 863 1574 dandus
886 1520 915 1575 et
937 1514 1034 1587 annis,

165 1645 225 1688 non
248 1632 327 1688 recte
349 1625 397 1687 ille
419 1622 608 1687 coniectavit:

265 1737 482 1819 Mobilibusque
505 1737 594 1798 decor
615 1736 740 1798 maturis
763 1736 878 1799 dandus
900 1743 930 1799 et
952 1737 1047 1800 annis.

167 1850 244 1926 Quid
257 1850 348 1923 enim,
368 1846 502 1930 quaeso?
519 1846 632 1911 dandus
644 1848 733 1909 decor
746 1856 792 1910 est
808 1857 838 1923 et
849 1849 1012 1930 puerilibus
1028 1852 1114 1913 annis
1125 1860 1154 1913 et
1166 1855 1306 1916 maturis:

164 1949 287 2029 ‘quinam
310 1948 401 2028 igitur
424 1944 537 2008 decor?
564 1964 602 2008 an
631 1947 759 2010 decorati
782 1948 852 2010 anni
874 1949 944 2030 quid
967 1949 1027 2011 sint
1049 1949 1144 2013 dicere
1170 1949 1308 2031 poteris?

164 2047 355 2109 scribendum
379 2045 545 2108 necessario
568 2045 638 2108 luit:
672 2048 761 2110 decor
789 2068 876 2110 suus
904 2048 949 2110 vel
971 2048 1062 2111 decor
1089 2059 1199 2132 aptus
1221 2053 1307 2114 annis

165 2147 279 2208 dandus
301 2155 331 2206 et
354 2144 478 2206 maturis
501 2152 529 2206 et
552 2145 712 2208 mobilibus
735 2155 786 2208 est.
832 2147 892 2208 lam
915 2166 986 2209 vero
1008 2154 1123 2212 naturis
1145 2151 1224 2231 quod
1247 2160 1308 2213 tra-

164 2245 242 2307 ditur
265 2243 378 2324 optime
400 2243 497 2305 habet.
536 2243 637 2305 Varias
660 2244 742 2306 enim
765 2252 874 2307 aetates
897 2234 1027 2332 bominis
1043 2246 1179 2311 distincte
1193 2268 1308 2330 ponere

163 2344 302 2407 Horatius
325 2361 387 2404 non
408 2351 476 2404 ante
499 2360 616 2404 versum
644 2340 702 2404 158
726 2344 914 2422 adgreditur;
946 2362 1036 2418 nunc,
1067 2355 1100 2408 ut
1122 2348 1207 2420 solet,
1235 2367 1310 2410 sen-

164 2444 288 2506 tentiam
304 2461 365 2504 non
381 2442 441 2504 vult
458 2442 513 2504 nisi
536 2461 625 2503 unam
649 2452 679 2504 et
701 2443 826 2504 eandem
849 2442 965 2505 duobus
986 2444 1118 2507 versibus
1140 2445 1187 2508 his
1210 2446 1308 2527 eloqui

164 2543 269 2603 leniter
285 2542 441 2603 immutato
459 2559 611 2603 sermone:
628 2541 800 2603 velut'decor
811 2542 925 2604 dandus
939 2543 1017 2604 idem
1031 2552 1076 2604 est
1088 2544 1165 2625 quod
1176 2545 1309 2620 notandi,

165 2653 287 2704 naturae
309 2640 390 2701 idem
413 2640 490 2719 quod
513 2657 615 2712 mores,
643 2646 817 2701 naturarum
841 2641 990 2704 mobilitas
1019 2644 1108 2706 relert
1135 2645 1207 2707 illud
1230 2655 1309 2706 octos

165 2755 304 2819 quaeque:
338 2737 438 2817 itaque
466 2736 606 2817 quoniam
636 2755 733 2818 neque
760 2739 845 2799 decor
873 2740 943 2819 poni
966 2742 1065 2803 nudus
1087 2744 1184 2823 potuit
1210 2761 1309 2825 neque

165 2855 235 2899 vero
258 2836 356 2898 sensui
379 2836 491 2899 sufficit
512 2835 583 2898 illud
606 2847 632 2898 ct
654 2839 746 2910 onmis,
769 2836 909 2899 Horatius
933 2839 1004 2901 baec
1025 2840 1179 2922 scripsisse
1202 2850 1309 2923 putau-

166 2937 222 2998 dus
246 2944 307 2997 cst:

265 3035 374 3096 Aetatis
397 3035 540 3115 cuiusque
562 3033 684 3096 notandi
706 3042 776 3096 sunt
798 3034 851 3095 tibi
875 3054 973 3097 mores

265 3136 481 3219 Mobilibusque
503 3138 617 3199 decor
638 3132 750 3195 naturis
773 3132 919 3194 dandus
942 3133 984 3196 ab
1006 3136 1127 3211 annis,

166 3252 313 3332 stabitque
346 3251 405 3312 iam
439 3249 517 3329 quod
540 3245 686 3329 Hauptius
714 3243 883 3307 observavit
905 3244 1040 3326 (Observ.
1064 3248 1127 3310 crit.
1150 3268 1179 3329 p.
1196 3250 1236 3311 48
1249 3253 1309 3333 sq.)

166 3351 320 3413 Horatium
354 3350 384 3410 in
415 3348 516 3429 epodis
543 3348 662 3429 quidem
686 3354 716 3406 et
738 3343 927 3405 sermonibus
948 3346 1106 3424 particulas
1129 3349 1310 3428 copulativas

167 3451 260 3529 qualis
290 3456 336 3510 est
364 3459 391 3510 et
414 3467 429 3508 a
453 3447 549 3528 primo
572 3443 717 3507 enuntiati
746 3443 809 3503 loco
833 3443 994 3505 removisse
1018 3445 1135 3527 saepius
1157 3447 1308 3529 aliquanto

167 3567 255 3628 quam
273 3546 440 3625 Vergilium,
459 3545 557 3607 minus
573 3564 659 3623 saepe
676 3542 706 3603 in
723 3542 912 3617 carminibus,
936 3543 1063 3607 maxime
1087 3546 1118 3607 in
1134 3549 1309 3628 posteriori·

168 3647 223 3708 bus
246 3646 337 3717 libris,
360 3663 481 3725 perraro
506 3645 535 3704 in
558 3642 701 3724 epistulis,
725 3639 754 3701 in
778 3649 842 3701 arto
863 3642 977 3721 poetica
1001 3661 1160 3724 nusquam.

254 3745 311 3807 Sed
345 3744 433 3805 etiam
467 3742 514 3803 illa
548 3741 716 3803 coniectura
748 3738 944 3802 incertissima
979 3752 1023 3804 est
1045 3763 1102 3824 qua
1124 3763 1243 3809 versum
1267 3747 1308 3809 65

169 3846 271 3906 ellerre
302 3861 368 3903 cum
396 3841 476 3902 hiatu
510 3841 585 3902 eirca
613 3839 773 3900 bocolicam
807 3857 957 3903 caesuram
993 3841 1142 3923 insperato
1176 3846 1310 3926 cogimur

169 3942 219 4005 tali
252 3941 362 4004 scilicet
395 3958 484 4020 quem
507 3938 650 4018 Vergilius
680 3937 824 4011 exercuit,
856 3956 916 3998 non
944 3941 1074 4002 excreuit
1098 3941 1234 4006 Horatius
1256 3943 1306 4023 (cf.

170 4036 546 4118 Sat.19‚38.112‚2s):

270 4135 357 4215 Regis
380 4155 464 4217 opuS,
488 4136 632 4199 sterilisve
654 4138 738 4219 palus
761 4137 809 4200 diu
834 4144 959 4218 aptaque
982 4138 1086 4213 remis3

170 4249 222 4313 sed
245 4249 277 4312 in
299 4248 406 4312 tradita
428 4249 569 4312 lectione:

269 4362 355 4441 Regis
379 4383 463 4442 opus,
482 4363 629 4424 sterilisve
651 4361 701 4425 diu
724 4363 808 4443 palus
832 4370 959 4443 aptaque
980 4365 1071 4427 remis

270 4461 385 4524 Vicinos
409 4460 491 4525 urbis
513 4461 562 4523 alit
585 4471 614 4524 et
635 4479 723 4539 grave
743 4462 833 4524 sentit
855 4469 985 4523 aratrum
