2962 5010
523 271 856 423 ,ψ

164 511 236 567 sunt
252 499 448 585 βούγλωσσα
466 512 500 564 et
520 499 631 584 ψῆττα
646 501 799 580 (helianus
815 503 917 564 nescio
931 519 1010 563 num
1020 501 1144 565 latinum
1159 507 1314 570 auctorem

164 612 284 666 secutus
300 604 339 665 sit
353 619 423 664 cum
439 601 559 663 insolito
572 619 655 661 more
667 619 801 679 passeres
812 601 951 662 redderet
962 598 1151 678 ,στρουθοὺς
1160 599 1226 669 xtv
1236 598 1271 678 3)
1286 606 1315 660 ot

165 693 299 785 ῥόμβος,
325 700 381 763 hos
408 701 502 779 pisces
529 698 682 778 Oppianus
709 699 787 760 inter
813 698 899 761 litora
926 697 1049 763 humilia
1075 707 1107 760 et
1128 697 1209 761 iuter
1231 714 1314 768 maro

165 802 298 862 lutosum
321 797 472 860 distribuit
488 798 513 872 tl
529 795 569 857 99
585 803 615 857 et
631 796 719 876 105);
740 799 889 861 solearum
912 795 1020 863 cosme
1041 796 1171 876 fulcidas
1192 794 1315 859 aliunde

165 898 238 960 milri
252 914 315 959 non
330 896 478 968 innotuit3
498 894 583 957 facile
599 902 697 956 autem
710 912 817 974 genera
832 895 888 956 ista
903 892 1313 965 invicem-contundebantur,

166 997 243 1059 sicut
257 995 395 1057 concolor
410 993 505 1056 soleae
531 1010 632 1072 passer
652 1012 668 1052 a
689 1002 778 1071 poeta
801 993 959 1056 scribitur:
992 1009 1061 1054 nam
1077 980 1205 1054 Athenis
1231 984 1315 1070 βού-

165 1093 420 1172 placueratque
441 1090 553 1174 ψῆττα
568 1109 621 1170 pro
638 1108 699 1153 uuo
716 1091 880 1170 eodemque
894 1091 975 1171 pisce
989 1089 1175 1160 habebantur
1192 1089 1312 1163 (Athen.

165 1192 229 1254 288
240 1191 518 1269 B),⁴similiterque.
534 1189 660 1251 Romani
686 1188 825 1252 καλοῦσι
854 1187 914 1271 τήν
943 1188 1073 1271 ψῆτταν
1099 1185 1227 1271 ῥόμβον
1257 1186 1314 1248 καὶ

166 1288 236 1352 ἔστι
266 1289 304 1351 τὸ
334 1285 442 1370 ὄνομα
471 1283 641 1370 ἑλληνικόν
666 1287 772 1349 Athen.
802 1287 863 1349 330
882 1287 914 1347 Β.
959 1286 1057 1365 Atque
1084 1286 1230 1349 rhombus
1257 1289 1313 1348 mi-

165 1388 277 1450 randus
300 1389 381 1451 litere
413 1386 539 1448 maxime
559 1386 697 1448 idriam:
728 1387 807 1448 idem
834 1393 1022 1465 compertum
1048 1384 1160 1447 Plinius
1174 1382 1314 1455 *habebat

167 1485 307 1565 deditque
322 1485 522 1565 principatum
545 1484 742 1546 rhomborum
757 1484 976 1546 Ravennatibus
986 1483 1029 1552 ,lx
1046 1481 1117 1544 169.
1156 1482 1219 1544 lam
1243 1500 1311 1542 vero

166 1585 248 1646 inter
262 1602 364 1645 ranam
388 1583 592 1644 etrbombum
614 1582 647 1642 in
662 1583 841 1645 editionibus
855 1583 952 1644 nostri
968 1581 1031 1643 aevi
1045 1588 1210 1645 cernuntur
1225 1580 1313 1643 haec:

169 1682 247 1744 Tunc
272 1683 373 1763 epodos
398 1683 459 1744 loti.
504 1681 541 1743 ht
560 1680 630 1742 audi
652 1679 689 1741 Μ.
704 1680 865 1759 Hauptium
887 1686 918 1741 et
939 1679 1038 1758 ipsum
1055 1678 1176 1758 quidem
1192 1679 1250 1741 ista
1265 1697 1317 1741 ex-

169 1781 334 1854 hibentem,
350 1781 404 1841 sod
420 1779 603 1859 praesentem
620 1797 650 1857 p.
664 1778 745 1839 xlll:
776 1797 892 1856 „unum
920 1785 965 1841 ost
979 1777 1022 1845 ‘in
1048 1776 1212 1857 halieuticis
1235 1777 1315 1856 quod

167 1898 231 1941 non
257 1888 361 1958 putem
388 1878 424 1939 ab
441 1877 545 1939 Ouidio
566 1876 713 1956 scriptum
729 1896 808 1952 esse3
835 1876 892 1941 etsi
913 1876 993 1943 esim
1009 1893 1070 1938 uon
1086 1876 1193 1954 ignoro.
1210 1885 1273 1939 tum
1287 1883 1318 1936 ct

169 1989 236 2040 tuuc
261 1976 472 2057 particularum
485 1993 577 2037 usum
600 1992 698 2054 neque
723 1975 848 2039 omnino
870 1992 993 2055 prorsus
1014 1973 1201 2053 exploratum
1216 1992 1313 2035 cssea

169 2075 369 2155 grammaticis
380 2088 478 2153 neque
488 2080 656 2152 temporum
669 2080 862 2153 mutataeque
872 2071 1098 2139 consuetudinis
1110 2071 1318 2135 observatione

169 2173 241 2236 satis
257 2173 478 2235 examinatum.
492 2216 520 2232 ..
534 2215 552 2242 .‚
579 2171 649 2233 illud
675 2181 778 2234 tamen
798 2190 859 2234 non
881 2188 1005 2251 possum
1020 2170 1150 2244 credere,
1175 2170 1316 2240 Ovidium

169 2283 241 2335 tuuc·
264 2271 374 2334 dixisse
399 2270 432 2331 in
455 2270 681 2331 enumeratione
703 2271 797 2351 qualis
817 2271 848 2332 in
863 2289 888 2332 v.
908 2268 968 2333 t-tc
983 2269 1164 2333 iuvenitur‘.
1205 2269 1271 2331 Hoc
1292 2268 1318 2331 si

169 2371 314 2433 intellexit
334 2369 378 2431 vir
399 2367 548 2447 egregius,
575 2386 628 2429 cur
654 2367 709 2430 sibi
735 2370 832 2432 noluit
855 2369 1064 2449 obtemperare
1090 2375 1124 2431 ut
1148 2377 1211 2430 tum
1230 2366 1319 2430 unice

170 2479 286 2532 rectum
307 2464 536 2530 resuscitaroti'.
554 2467 762 2530 dividebatur
784 2467 871 2547 sequi
891 2467 1019 2541 vocalisr
1051 2465 1200 2537 videamus
1227 2465 1319 2546 igitur

171 2566 368 2648 qui-taudem
395 2565 484 2645 piscis
509 2565 701 2644 adportetur:
725 2583 794 2628 ecoe
813 2566 926 2629 invisus
947 2565 1097 2645 aliquiset
1119 2563 1320 2637 inaudituset

172 2666 320 2728 oblivione
346 2681 503 2744 oppressus
529 2663 714 2743 antiquitatis
736 2672 768 2726 ut
792 2665 906 2730 videtur
928 2664 1094 2731 universae:
1112 2664 1227 2743 ,epodes
1248 2661 1319 2737 lati!

173 2766 263 2826 Recte
277 2764 425 2826 tabulatus
441 2780 483 2839 cs,
504 2762 690 2825 callidissime
707 2763 793 2837 Plini,
810 2763 908 2843 posita
921 2763 957 2825 ab
974 2761 1079 2826 Ovidio
1101 2761 1239 2833 animalia
1250 2780 1320 2824 esse

175 2863 263 2925 etiam
279 2881 355 2942 quae
371 2861 449 2941 apud
465 2861 617 2921 neminem
634 2861 725 2922 alium
745 2863 970 2940 reperirentum
986 2877 1047 2929 non
1061 2860 1225 2932 nascentia
1244 2868 1318 2940 puta

172 2961 232 3022 nisi
261 2961 297 3022 ad
323 2960 435 3022 Tomos
460 2959 552 3038 ipsos.
596 2959 744 3021 Nimirum
772 2961 864 3022 etiam
888 2960 1322 3039 barbarum=unmcn:-·neque

175 3058 255 3121 enim
274 3058 401 3120 latinum
432 3075 531 3136 neque
544 3075 690 3136 graecum
716 3066 770 3119 est
812 3057 850 3120 lit
874 3055 1033 3138 rotundas
1060 3076 1113 3137 ego
1139 3065 1170 3120 et
1195 3052 1321 3137 dundee

174 3164 204 3217 et
232 3153 372 3228 νέποδες
400 3156 452 3236 qui
478 3157 625 3218 dicantur
661 3156 800 3236 pernovi,
824 3153 950 3230 dareve
979 3156 1233 3237 quomodo-huid
1255 3155 1320 3225 dici

174 3255 305 3335 potuerit
323 3255 437 3334 ignoro.
477 3254 549 3316 lam·
565 3251 666 3326 ἔπους
692 3272 754 3320 nen
780 3254 908 3318 debetur.
924 3255 984 3319 nisi
998 3242 1076 3317 Plini
1091 3255 1244 3334 eucerptis,¹
1254 3263 1321 3321 tur-

174 3353 296 3432 pissime
326 3352 436 3432 ubique
463 3353 527 3414 fere
556 3352 684 3426 vitiosiS,
719 3353 781 3415 uisi·
805 3355 886 3434 quod
915 3355 1007 3417 codex
1041 3352 1321 3419 ibiRiccardiauus

175 3449 284 3512 rectius
324 3468 446 3530 epoross
477 3451 550 3512 item
582 3451 748 3523 Vaticanus,
789 3460 820 3513 at
858 3452 1021 3515 Vossianus
1062 3453 1163 3521 etiam¹
1190 3469 1320 3531 coporos.

175 3549 296 3628 Lepores
311 3548 427 3610 sincere
442 3549 587 3629 scriptum
613 3550 644 3611 in
670 3550 742 3631 ipsis
758 3552 903 3630 poematis
918 3549 1128 3630 manuscriptis
1147 3558 1203 3624 cst,
1224 3568 1321 3631 neque

176 3648 266 3727 igitur
279 3647 337 3708 iam
352 3656 419 3709 uene
435 3648 526 3728 magis
542 3666 631 3727 quam
657 3656 718 3709 tum
744 3656 794 3712 aut
809 3649 913 3713 Ouidio
927 3649 999 3711 dare
1013 3656 1067 3711 aut
1081 3648 1223 3711 secutori
1237 3646 1323 3713 Ovidi

176 3746 319 3824 cogimur.
361 3747 435 3807 Nam
471 3747 570 3826 ipsum
588 3745 705 3826 *lepores
736 3747 908 3827 reciperone
940 3744 1128 3811 notabimur?
1160 3746 1323 3827 anquiren-

178 3845 290 3906 dumne
307 3843 417 3922 aliquid
444 3844 499 3907 erit
525 3845 646 3907 tertium
669 3863 728 3926 quo
753 3846 840 3909 lectio
866 3854 992 3926 utraque
1017 3845 1108 3917 simul
1134 3840 1323 3925 corrigatur?

178 3943 236 4004 Sed
262 3942 342 4022 quod
369 3960 463 4004 unum
487 3953 607 4023 praesto
634 3951 680 4005 est
700 3943 813 4024 lepoder
832 3961 927 4024 genus
942 3930 1109 4007 ostrearum
1124 3950 1323 4023 memoratum

178 4040 250 4102 illud
264 4039 354 4101 etiam
369 4040 402 4101 in
417 4039 543 4102 Marcelli
558 4042 686 4121 piscium
706 4044 839 4121 catalogo
854 4061 880 4105 r.
897 4042 936 4105 35
953 4051 983 4107 et
1004 4042 1086 4122 quod
1111 4043 1232 4111 latum
1258 4058 1324 4111 esse

176 4141 224 4200 vel
253 4157 288 4200 err
314 4140 435 4202 nomine
465 4142 648 4222 patellaeque
678 4141 872 4204 similitudine
902 4141 1024 4222 colligas
1052 4141 1258 4222 (temerantur
1287 4138 1324 4200 de

179 4237 293 4318 patellis
316 4246 347 4299 et
367 4239 415 4300 alii
436 4239 492 4302 loci
512 4250 542 4303 et
556 4241 703 4303 Athenaei
717 4259 747 4320 p.
764 4237 804 4301 85
817 4239 850 4314 F,
867 4237 908 4302 88
919 4240 952 4313 ll,
969 4240 1008 4302 99
1020 4241 1054 4314 Β,
1070 4239 1108 4301 91
1123 4239 1159 4315 Ε)
1175 4256 1215 4307 ne
1229 4236 1324 4308 conici

179 4337 300 4414 quidem
325 4336 407 4399 istud
433 4337 532 4400 sobrie
557 4339 655 4417 agenti
670 4339 726 4402 boc
745 4339 810 4401 loco
832 4337 901 4402 licet
916 4338 967 4400 ubi
982 4332 1107 4418 adpositi
1122 4336 1186 4399 loco
1202 4343 1248 4403 est
1261 4335 1324 4406 luti,

180 4449 242 4493 non
258 4433 344 4495 lotoe.
382 4432 459 4504 Quid
473 4433 570 4513 „igitur
596 4432 674 4499 nusi
703 4435 1129 4517 Pliniomninoccrrigemus
1148 4431 1323 4511 farraginem

180 4531 347 4594 nominum.
402 4533 476 4593 Nam
503 4550 541 4596 ne
567 4533 699 4613 leporem
727 4534 848 4614 quidem
877 4551 939 4596 non
969 4539 1114 4596 memorat
1141 4529 1220 4592 idem
1245 4528 1324 4591 blar-
