2962 5010
619 315 882 397 ³14-

202 495 335 553 miretur.
379 491 480 570 ltaque
501 510 576 572 quae
595 492 630 552 ad
646 493 824 554 firmandum
843 492 983 554 iudicium
999 492 1195 572 adportentur
1210 495 1342 573 exempla

202 609 264 652 non
286 590 412 669 simplici
433 590 485 650 sed
509 590 617 669 duplici
638 592 755 652 adnecti
783 591 861 653 vides
889 592 1029 670 particula
1053 595 1141 653 etsie
1162 599 1192 652 et
1213 611 1342 672 namque.

202 690 303 751 Pravo.
355 687 455 768 Neque
487 687 553 749 ideo
587 689 667 749 hunc
700 709 817 751 versum
851 698 902 750 aut
933 690 1053 750 Ovidius
1084 691 1202 769 scripsit
1232 691 1360 770 quippe

202 789 254 867 qui
279 788 419 848 alterutra
446 787 489 848 nti
511 805 629 866 semper
656 788 727 848 satis
752 787 873 849 baberet
901 797 951 848 aut
979 788 1051 848 alius
1081 789 1237 868 quisquam
1266 789 1344 866 frugi

201 895 297 965 poeta.
328 885 391 945 Hoc
412 884 517 946 vitium
531 884 684 946 ovidianis
698 886 875 947 lectionibus
890 885 968 947 tueri
983 884 1110 946 debebat
1133 887 1264 964 Zingerle
1293 887 1344 965 qui

201 1002 228 1064 p.
253 982 294 1043 29
315 983 346 1043 in
375 1003 409 1044 eo
439 992 485 1044 est
510 990 543 1043 ut
568 1000 629 1044 non
662 1002 780 1064 semper
811 1003 934 1063 uurmue
956 984 1052 1064 primo
1082 984 1245 1045 sententiae
1277 984 1343 1046 loco

201 1091 279 1144 stare
301 1080 481 1160 comprobet.

285 1181 381 1260 Atque
402 1180 459 1240 iam
483 1179 555 1240 baec
577 1179 643 1240 vide
665 1180 702 1240 de
725 1180 830 1242 vitulo:

300 1278 357 1349 Qui
381 1277 514 1338 nondum
537 1278 611 1355 gerit
632 1278 663 1337 in
685 1286 787 1339 tenera
809 1278 867 1339 iam
891 1295 999 1339 cornua
1020 1277 1130 1338 fronte.

201 1375 257 1437 Diu
268 1376 391 1454 cogitavi
409 1393 483 1437 num
494 1376 569 1438 forte
579 1385 736 1455 corruptus
753 1377 834 1437 locus
847 1384 940 1436 essct:
962 1376 1013 1436 sed
1027 1377 1122 1437 donec
1133 1376 1212 1437 nulla
1226 1384 1342 1455 praesto

202 1473 315 1534 medela
337 1481 391 1548 est,
422 1473 622 1535 criminandus
644 1475 751 1537 iterum
775 1475 903 1552 scriptor
923 1473 974 1553 qui
996 1474 1061 1548 ‚uin
1085 1474 1195 1535 latine“
1222 1493 1342 1537 versum

202 1571 437 1632 conformaverit.
483 1572 545 1633 Scis
578 1576 638 1633 ium
660 1573 684 1633 si
707 1590 774 1632 cum
796 1573 960 1650 negationis
983 1572 1121 1634 adverbio
1152 1573 1342 1652 componitur

200 1669 279 1730 velut
301 1670 377 1749 apud
400 1669 546 1730 Nasonem
568 1691 593 1731 e.
617 1688 642 1748 g.
666 1669 734 1730 Met.
758 1670 802 1742 lv,
832 1668 892 1731 382
909 1679 938 1731 et
956 1668 1030 1743 243,
1059 1671 1138 1732 idem
1169 1689 1233 1732 esse
1254 1678 1342 1749 atque

200 1785 259 1829 uon
298 1768 422 1847 amplius
461 1777 549 1848 atque
588 1768 768 1831 contrarium
808 1769 871 1830 voci
908 1771 1044 1831 noudum.
1095 1768 1132 1829 lt
1165 1770 1228 1842 hic,
1263 1768 1341 1847 quod

200 1865 248 1927 vix
282 1867 397 1938 credas,
433 1874 462 1926 et
492 1871 552 1928 ium
586 1868 669 1929 adast
703 1874 732 1927 et
763 1867 905 1942 noudum,
939 1886 1067 1947 quorum
1100 1868 1226 1928 alterum
1259 1865 1341 1926 alteri

201 1973 320 2043 apparet
343 1965 465 2026 mirifice
495 1983 680 2044 oppugnare3
713 1983 829 2025 memor
861 1965 949 2026 modo
982 1967 1022 2027 sis
1056 1983 1159 2027 versus
1186 1963 1342 2043 Vergiliani

200 2061 303 2140 Georg.
338 2063 380 2136 ll,
415 2061 491 2122 322:
530 2082 593 2124 cum
626 2063 745 2142 rupidus
776 2062 827 2122 Sol
856 2063 1026 2125 Nondum
1065 2065 1174 2125 hiemen
1207 2065 1342 2140 contingit

200 2164 290 2240 equis,
323 2160 394 2220 iam
419 2165 560 2238 praeterit
592 2171 692 2222 uestes.
752 2161 854 2240 Neque
887 2162 984 2221 solent
1015 2161 1155 2240 coniungi
1189 2160 1245 2220 nisi
1278 2160 1341 2219 fere

198 2262 258 2318 ium
292 2259 355 2331 diu,
388 2261 447 2319 ium
471 2258 597 2337 pridem,
627 2262 688 2319 iem
717 2256 840 2329 dudum,
871 2261 930 2318 ium
959 2259 1093 2338 denique,
1125 2262 1184 2320 ium
1216 2259 1339 2328 taudem,
1395 2307 1398 2316 .

198 2358 258 2416 ium
287 2357 351 2434 sere
389 2356 437 2431 (cf.
471 2355 565 2416 Handi
599 2354 686 2416 Turs.
719 2364 741 2415 t.
776 2355 832 2427 lll3
870 2355 1062 2433 Fcrbigerum
1100 2357 1136 2417 ad
1168 2355 1272 2432 Vergil.
1306 2355 1339 2414 Α.

198 2453 233 2525 ll,
268 2454 325 2527 703
357 2453 495 2532 liraegeri
530 2453 666 2532 syntaxis
700 2453 712 2512 l
744 2472 773 2533 p.
799 2453 886 2533 115).
932 2453 1017 2514 Vides
1051 2453 1086 2514 ad
1119 2462 1180 2515 tam
1212 2452 1340 2514 futtilem

199 2550 375 2630 scripturam
408 2550 562 2612 hominem
595 2551 755 2612 adductum
790 2569 851 2612 non
884 2550 975 2612 fuisse
1014 2551 1071 2612 nisi
1109 2551 1170 2612 dira
1211 2551 1341 2612 necessi-

198 2657 258 2710 tate
280 2653 351 2710 'cum
380 2649 562 2728 semipedem
590 2654 726 2710 betarum
748 2649 826 2710 bene
849 2635 966 2728 explere
989 2649 1167 2729 desperaret,
1191 2648 1340 2727 voluitque

199 2747 290 2827 accipi
322 2752 381 2809 ium
413 2767 448 2808 eo
482 2767 574 2809 sensu
603 2755 636 2808 nt
669 2756 715 2808 est
747 2748 823 2826 apud
858 2747 1027 2810 Cornelium
1061 2749 1215 2827 Nepotem,
1250 2745 1338 2806 modo

197 2852 278 2906 recte
313 2845 438 2906 traditus
474 2846 557 2908 locus
589 2845 627 2906 sit
662 2844 731 2924 (18,
766 2844 831 2925 12):
872 2864 931 2907 uun
964 2850 1023 2908 iam
1062 2847 1095 2906 de
1127 2865 1158 2907 eo
1197 2854 1340 2923 saimptum

198 2960 254 3003 esse
276 2944 454 3022 supplicium,
483 2944 533 3006 ubi
560 2952 611 3006 aut
637 2946 766 3006 noudum
798 2943 936 3024 intellege
969 2953 1020 3006 aut
1052 2943 1237 3010 emendatius
1260 2942 1337 3022 lege:

196 3055 256 3102 nou
292 3045 351 3101 ium
392 3043 442 3104 diu
476 3043 509 3103 de
542 3060 572 3104 co
605 3053 748 3122 sumptum
781 3060 838 3104 esse
870 3043 1054 3124 supplicium
1095 3040 1225 3122 perbene
1259 3039 1337 3101 enim

196 3138 256 3200 iam
278 3140 424 3219 pergitur:
460 3158 553 3222 equo
575 3149 619 3201 tot
646 3159 740 3202 annos
773 3151 863 3203 esseut
895 3142 970 3202 mule
1001 3142 1102 3213 ualui,
1136 3139 1339 3217 scriptumque

197 3244 283 3299 antea
305 3246 351 3299 est
365 3257 428 3319 cap.
443 3240 479 3300 11
503 3239 648 3302 diutius
664 3239 829 3300 Eumenem
844 3240 937 3301 fuisse
958 3239 988 3298 in
1011 3236 1133 3298 vinculis
1149 3236 1259 3315 quippe
1280 3236 1338 3294 iam

197 3336 318 3397 tertium
351 3336 440 3397 diem.
490 3338 576 3417 Apud
608 3337 759 3398 Manilium
786 3336 811 3396 ll
837 3355 864 3395 v.
894 3334 955 3394 767
994 3352 1048 3414 pro
1081 3337 1165 3395 etium
1199 3338 1337 3410 corrupto

196 3433 315 3495 necdum
346 3437 454 3514 (neque
487 3454 556 3497 vero
590 3453 640 3496 uec
662 3439 731 3512 iem)
753 3432 944 3494 scribendum
968 3450 1034 3492 esse
1056 3431 1184 3491 diximus
1208 3429 1241 3490 in
1262 3429 1337 3490 Mus.

195 3531 290 3591 Rhen.
314 3529 420 3591 Xllllll
450 3550 478 3610 p.
508 3531 569 3590 417
599 3532 667 3592 adn.
690 3530 726 3604 23
759 3530 791 3589 in
819 3529 926 3607 Paneg.
957 3526 1054 3590 Pison.
1083 3547 1108 3589 v.
1133 3527 1195 3588 240
1228 3527 1338 3588 rectius

195 3647 247 3691 uec
268 3639 328 3689 tum
342 3629 562 3690 restituendum
578 3636 650 3690 erat.
678 3628 805 3690 Prorsus
827 3626 882 3687 alia
896 3645 945 3688 res
961 3635 1059 3688 autem
1075 3645 1101 3686 e.
1118 3645 1144 3705 g.
1165 3625 1197 3686 in
1212 3625 1337 3686 heroicis

195 3718 329 3789 versibus
359 3736 404 3789 est
432 3727 611 3789 aPetronio
640 3725 810 3806 eapiti135
837 3725 970 3786 inmissis
999 3725 1051 3788 ubi
1079 3724 1164 3785 verba
1196 3742 1247 3784 nec
1279 3727 1338 3783 iuro

196 3824 302 3887 calcato
328 3826 462 3888 radiabat
488 3841 632 3886 marmore
660 3834 740 3886 terra
764 3823 984 3903 interpretanda
1013 3822 1154 3883 nimirum
1182 3821 1222 3882 ita
1250 3826 1335 3880 sunt:

195 3939 293 4003 neque
314 3931 393 3984 terra
416 3939 565 3984 marmore
586 3921 719 3984 radiabat
740 3921 818 3983 sicut
838 3921 952 3982 radiare
974 3921 1062 3982 hodie
1085 3936 1234 3981 marmore
1263 3917 1337 3978 solet

195 4020 254 4082 iam
277 4023 385 4082 calcato
407 4021 453 4082 vel
475 4020 601 4082 calcibus
623 4020 780 4082 hominum
801 4020 859 4082 iam
883 4020 1000 4081 detrito.
1046 4019 1142 4091 Quem
1165 4025 1231 4096 apte
1261 4033 1336 4077 con-

194 4118 304 4181 ferrem
327 4120 425 4181 locum
448 4119 569 4180 unicum
597 4119 654 4180 ridi
676 4119 817 4180 Varronis
848 4119 883 4178 de
912 4137 944 4179 re
970 4124 1043 4178 rust.
1071 4115 1106 4189 ll,
1131 4114 1160 4188 2,
1184 4114 1220 4173 2:
1256 4115 1336 4189 (oves

195 4218 426 4298 cognoscuntur)
449 4219 484 4280 ub
507 4228 606 4292 actor,
628 4221 761 4298 sineque
783 4215 894 4278 vetulae
915 4225 983 4278 suut
1002 4232 1091 4293 raeque
1112 4229 1208 4272 meree
1234 4228 1334 4290 agaae,

194 4315 267 4394 quod
288 4317 395 4379 alterum
417 4321 475 4378 ium
496 4316 639 4388 noudum,
674 4315 783 4377 alterae
803 4319 862 4377 ium
883 4333 942 4376 nora
959 4321 1078 4392 possunt
1106 4309 1175 4372 darc
1196 4310 1334 4390 [ructum.

193 4413 236 4474 lle
258 4432 315 4493 qua
337 4423 437 4477 tamen
458 4414 585 4477 lectione
606 4415 672 4476 iure
692 4422 745 4474 tuo
774 4412 920 4476 dubitabis
955 4411 1005 4487 (af.
1028 4407 1200 4472 Schneideri
1233 4407 1335 4486 script.
