2962 5010
620 228 860 292 ..no-

170 404 259 466 luisse
275 405 374 469 nullus
389 403 502 466 tirmior
527 405 613 467 testis
624 413 682 467 est.
712 405 855 485 Superest
877 403 1077 483 fragmentum
1104 422 1201 468 anum
1224 415 1256 469 et
1283 407 1312 468 id

169 502 290 583 quidem
306 511 516 584 corruptorum
530 503 803 584 corruptissimum
826 512 855 565 at
871 502 1072 566 coniecturam
1087 503 1141 566 tibi
1153 505 1312 566 ostendam

168 601 347 682 insperatam
360 621 444 683 quae,
460 601 512 665 ubi
523 601 627 681 obtigit
639 602 720 676 mibi,
734 602 828 683 ipsius
840 602 966 682 siquam
979 613 1131 664 vocaverat
1143 603 1311 665 Numenius

168 700 317 780 aquaticae
332 700 432 764 Musae
454 701 480 764 si
502 701 603 764 minus
623 703 711 765 verba
734 710 763 764 at
785 702 948 781 ingenuum
972 701 1076 762 saltem
1094 720 1251 764 susurrum
1276 703 1312 764 ad

168 812 255 861 aures
279 800 384 862 sedere
400 819 479 862 meas
503 800 661 870 arbitratus
681 820 758 873 sum,
782 800 912 882 indeque
935 800 1024 861 etiam
1053 799 1174 862 liberius
1195 801 1228 862 in
1244 819 1311 863 ear-

168 898 247 960 mine
263 907 377 978 poetam
393 897 550 961 incessisse
566 917 663 979 neque
679 899 761 962 omni
784 898 944 978 indiguisse
961 896 1058 960 volatu
1082 898 1195 979 colligo.
1234 900 1312 963 Nam

167 1015 235 1057 cum
251 996 395 1060 Athenaei
409 997 521 1060 librarii
536 995 634 1060 stoa
650 999 731 1060 bunc
746 1016 864 1060 versom
880 996 1026 1060 Numerio
1042 997 1268 1078 adscripserint:

210 1097 287 1184 (XX)
311 1103 443 1184 άκονλοις
465 1105 641 1187 κοκκάλους
661 1128 696 1172 τε
718 1111 775 1172 καὶ
796 1103 963 1190 άλλοπίην
984 1106 1174 1192 τράχουρον,

167 1255 279 1299 nomen
309 1257 414 1299 sanum
443 1239 558 1302 nullum
589 1240 695 1320 legitur
724 1248 842 1322 practer
876 1233 1064 1320 τράχουρον.
1111 1239 1152 1301 De
1188 1240 1313 1322 reliquis

166 1336 349 1416 suspiciones
375 1337 507 1417 priorum
533 1338 641 1401 iterare
667 1337 766 1400 minus
787 1340 883 1418 placet
904 1338 960 1398 nisi
976 1338 1054 1416 quod
1075 1357 1110 1399 en
1135 1334 1313 1416 κιχκάλους

168 1434 482 1515 Schweighaeuserum
503 1437 666 1500 rectissime
681 1439 821 1499 excitasse
847 1432 997 1513 κίγκλους
1022 1433 1116 1516 ipsius
1143 1437 1231 1498 metri
1252 1438 1312 1500 cla·

168 1542 229 1594 mat
243 1533 374 1616 indoles
395 1535 522 1598 Ultimus
537 1536 697 1599 bleinelrins
712 1536 753 1597 ita
768 1550 887 1597 versum
903 1534 1062 1596 conclusit:
1080 1534 1135 1595 καὶ
1150 1532 1313 1617 ἐλλοπλχν

165 1627 352 1717 τρήχουρον,
377 1634 461 1714 quasi
486 1653 598 1696 nomen
613 1631 774 1717 λλλοπλην
795 1632 834 1695 sit
858 1633 949 1699 ullum
972 1640 1002 1694 et
1020 1633 1105 1712 quasi
1126 1629 1313 1716 τράχουρον

166 1730 266 1793 baberi
282 1749 337 1812 pro
351 1732 494 1795 adiectivo
508 1733 592 1796 facile
608 1732 746 1814 potuerit.
783 1733 841 1794 lam
865 1741 897 1794 ut
912 1732 950 1794 de
964 1732 1084 1795 incertis
1098 1741 1179 1794 certa
1195 1751 1312 1794 consu-

167 1830 273 1902 lamus,
300 1828 431 1907 κλχκλος
455 1832 582 1911 piscisne
607 1849 709 1895 revera
734 1828 813 1894 fuit?
840 1833 962 1893 minime
989 1851 1068 1894 vero.
1108 1831 1197 1892 duem
1226 1831 1313 1892 video

167 1948 292 2010 eamque
320 1931 507 1993 maritimam.
545 1932 647 2011 ltaque
667 1932 703 1994 ad
723 1931 782 1994 boc
807 1931 878 1994 dum
905 1932 1037 2002 attendo,
1062 1930 1120 1991 iam
1147 1928 1312 2009 scripturae

167 2028 333 2092 incuriosae
347 2029 449 2093 ruinas
463 2029 574 2092 sarcire
588 2029 628 2091 ita
644 2047 787 2110 propero:

267 2137 428 2213 άλκάονας
453 2138 604 2218 κίγκλους
626 2159 661 2202 τε
686 2137 741 2202 καὶ
767 2137 891 2224 άπλοΐχ
918 2138 1096 2224 τράχουρον

264 2233 474 2320 ἁρπάζοντας
500 2234 635 2322 ὁρῶμεν.
1126 2316 1129 2321 γ

166 2350 310 2412 viciniora
337 2351 408 2414 baec
433 2350 525 2412 tuisse
555 2352 707 2431 prooemio
736 2351 900 2414 rideantur.
943 2351 1040 2414 Etiam
1062 2351 1195 2432 cymbam
1219 2359 1309 2430 poeta

165 2449 303 2529 piscatori
318 2450 491 2513 struendam
506 2469 570 2514 esse
586 2452 717 2514 docebat
759 2451 942 2514 Provocabat
959 2452 995 2513 ad
1011 2469 1087 2514 ares.
1129 2450 1205 2512 Sunt
1226 2449 1309 2510 enim

165 2564 234 2610 ares
263 2566 381 2628 quoquc
411 2566 487 2629 quae
516 2549 677 2630 piscentur,
706 2558 792 2630 atque
818 2550 882 2612 illae
908 2550 1043 2630 rapinam
1069 2567 1174 2629 rapere
1196 2556 1309 2610 certam

165 2646 211 2706 uel
225 2645 290 2706 sine
304 2647 418 2724 navigio
435 2646 503 2724 (καὶ
519 2639 657 2732 άπλολχ)
680 2649 794 2724 callent,
814 2650 921 2729 quibus
943 2649 1046 2727 datum
1071 2656 1115 2711 est
1137 2647 1229 2709 tidere
1254 2647 1309 2708 alis

166 2761 200 2805 ac
225 2744 359 2824 proicere
375 2764 407 2807 se
422 2747 578 2828 repentino
601 2747 632 2808 in
653 2748 790 2829 aequoris
810 2749 918 2810 tluctns
934 2767 950 2808 e
966 2747 1094 2809 nubibus
1115 2745 1308 2827 praecipicio:

165 2859 221 2904 nos
236 2862 305 2905 vero
321 2842 457 2908 homines
472 2852 561 2927 atque
572 2844 713 2909 Daedalea
730 2847 802 2908 adeo
817 2855 880 2909 arte
896 2846 970 2908 male
986 2851 1120 2907 carentes
1133 2842 1308 2912 naviculam,

166 2960 223 3023 qua
249 2943 329 3005 adire
344 2943 454 3006 victum
471 2944 558 3007 vilem
575 2945 734 3028 possimus,
758 2944 858 3008 labore
878 2945 1040 3027 parandam
1057 2943 1132 3006 duro
1153 2942 1307 3005 babemus.

166 3040 279 3114 eribus
304 3043 431 3123 receptis
451 3061 525 3106 num
541 3044 700 3126 perspicies
726 3063 780 3106 cur
801 3062 862 3106 non
878 3044 978 3125 potius
998 3037 1195 3125 τραχούρους
1217 3059 1308 3122 quam

165 3135 346 3222 τράχουρον
361 3141 430 3203 dare
444 3143 574 3223 scriptor
588 3140 750 3205 debuerit?

250 3239 329 3302 llaec
344 3240 380 3302 de
396 3239 558 3317 Numenio;
572 3260 663 3322 quem
678 3240 906 3304 Halieuticorum
923 3239 1122 3321 posteriorum
1137 3237 1305 3318 exemplum

166 3355 227 3398 non
243 3337 334 3398 luisse
347 3339 432 3401 facile
446 3340 645 3420 intellegitur3
670 3348 772 3402 tamen
791 3340 912 3401 nomina
935 3356 1003 3401 eum
1026 3345 1056 3400 et
1071 3354 1263 3400 enumerasse
1277 3344 1307 3398 et

165 3436 292 3516 propriis
318 3437 470 3500 adiectiris
497 3456 620 3502 ornasse
645 3438 838 3501 memorabile
858 3447 911 3501 est.
943 3436 1085 3499 Similiter
1105 3436 1193 3499 etiam
1213 3432 1308 3498 Pan-

168 3543 289 3596 crates
329 3535 380 3615 qui
421 3538 558 3618 sequitur
575 3538 716 3599 Arcadius
757 3538 787 3598 in
812 3536 959 3618 Operibus
985 3536 1145 3597 maritimis
1172 3535 1246 3613 egit,
1276 3533 1307 3595 id

166 3633 246 3712 quod
269 3634 376 3696 docent
397 3635 562 3716 fragmenta
578 3638 655 3718 apud
671 3637 855 3700 Athenaeum
879 3636 935 3698 tria
950 3653 1080 3716 quorum
1095 3636 1226 3716 primum
1241 3639 1308 3692 esto

167 3731 226 3793 321
245 3732 284 3792 F:

468 3828 598 3896 σάλπαι
619 3827 650 3895 τ’
674 3831 843 3916 ἰσομήκεες
866 3831 965 3912 ἰχθῦς

266 3922 306 4002 οἷς
327 3950 362 3992 τε
384 3929 466 4011 βόας
488 3932 630 4016 πορκῆες
650 3928 789 4017 άλλζῳοο
811 3927 986 3996 καλέουσιν

267 4021 386 4093 οὕνεκα
407 4033 540 4113 γαστέρι
563 4031 668 4115 φῦκος
690 4027 743 4094 ἀεὶ
766 4027 921 4096 ἀλέουσιν
943 4025 1089 4094 ὀδοῦσιν.

167 4161 257 4224 boues
273 4163 329 4225 boc
342 4164 409 4224 loce
419 4161 457 4230 ad
469 4161 648 4242 piscatorum
660 4179 829 4225 sermonem
841 4178 896 4241 pro
909 4160 999 4224 scaris
1012 4157 1108 4223 vocari
1120 4157 1208 4221 tertio
1221 4175 1309 4219 uersu

167 4260 321 4324 docemur:
338 4262 439 4342 itaque
453 4261 592 4341 quoniam
608 4279 725 4324 scarum
740 4269 770 4323 et
784 4262 895 4342 salpam
909 4259 1053 4322 herbosas
1067 4277 1173 4324 arenae
1189 4264 1307 4319 unum-

168 4376 225 4436 que
251 4369 415 4423 emetorem
430 4360 588 4422 Pancrates
613 4361 691 4425 sicut
707 4359 829 4422 Ovidius
854 4359 1016 4429 coniunxit,
1044 4377 1117 4422 num
1142 4357 1219 4419 forte
1244 4355 1310 4435 ipsa
