<?xml version="1.0" encoding="UTF-8"?>
<!DOCTYPE html PUBLIC "-//W3C//DTD XHTML 1.0 Transitional//EN"
    "http://www.w3.org/TR/xhtml1/DTD/xhtml1-transitional.dtd">
<html xmlns="http://www.w3.org/1999/xhtml" xml:lang="en" lang="en">
 <head>
  <title>
</title>
<meta http-equiv="Content-Type" content="text/html;charset=utf-8" />
  <meta name='ocr-system' content='tesseract 3.04.00' />
  <meta name='ocr-capabilities' content='ocr_page ocr_carea ocr_par ocr_line ocrx_word'/>
</head>
<body>
  <div class='ocr_page' id='page_1' title='image "./dehalieuticisov02birtgoog_0041.png"; bbox 0 0 2962 5010; ppageno 0'>
   <div class='ocr_carea' id='block_1_1' title="bbox 676 303 895 370">
    <p class='ocr_par' dir='ltr' id='par_1_1' title="bbox 676 303 895 370">
     <span class='ocr_line' id='line_1_1' title="bbox 676 303 895 370; baseline -0.005 -18"><span class='ocrx_word' id='word_1_1' title='bbox 676 303 895 370; x_wconf 76' lang='lat'>..30-</span> 
     </span>
    </p>
   </div>
   <div class='ocr_carea' id='block_1_2' title="bbox 115 480 1404 4502">
    <p class='ocr_par' dir='ltr' id='par_1_2' title="bbox 213 480 1360 858">
     <span class='ocr_line' id='line_1_2' title="bbox 214 480 1359 563; baseline 0.004 -21"><span class='ocrx_word' id='word_1_2' title='bbox 214 491 247 543; x_wconf 94' lang='lat' dir='ltr'><strong>ut</strong></span> <span class='ocrx_word' id='word_1_3' title='bbox 282 482 358 543; x_wconf 90' lang='lat' dir='ltr'><strong>iusta</strong></span> <span class='ocrx_word' id='word_1_4' title='bbox 394 480 527 543; x_wconf 91' lang='lat' dir='ltr'><strong>videatur</strong></span> <span class='ocrx_word' id='word_1_5' title='bbox 565 481 730 560; x_wconf 82' lang='lat' dir='ltr'><strong>malignitas</strong></span> <span class='ocrx_word' id='word_1_6' title='bbox 773 482 961 553; x_wconf 72' lang='lat' dir='ltr'><strong>denimentis,</strong></span> <span class='ocrx_word' id='word_1_7' title='bbox 1003 481 1178 563; x_wconf 76' lang='lat' dir='ltr'><strong>scriptorem</strong></span> <span class='ocrx_word' id='word_1_8' title='bbox 1220 490 1359 547; x_wconf 88' lang='lat' dir='ltr'><strong>nostrum</strong></span> 
     </span>
     <span class='ocr_line' id='line_1_3' title="bbox 214 580 1360 661; baseline 0.002 -18"><span class='ocrx_word' id='word_1_9' title='bbox 214 581 364 643; x_wconf 92' lang='lat' dir='ltr'><strong>marinum</strong></span> <span class='ocrx_word' id='word_1_10' title='bbox 397 587 555 661; x_wconf 78' lang='lat' dir='ltr'><strong>postquam</strong></span> <span class='ocrx_word' id='word_1_11' title='bbox 585 600 611 642; x_wconf 89' lang='lat' dir='ltr'><strong>v.</strong></span> <span class='ocrx_word' id='word_1_12' title='bbox 636 580 695 640; x_wconf 95' lang='grc'><strong>100</strong></span> <span class='ocrx_word' id='word_1_13' title='bbox 723 580 888 661; x_wconf 88' lang='lat' dir='ltr'><strong>pompilum</strong></span> <span class='ocrx_word' id='word_1_14' title='bbox 916 580 1026 660; x_wconf 78' lang='lat' dir='ltr'><strong>piscem</strong></span> <span class='ocrx_word' id='word_1_15' title='bbox 1057 580 1138 643; x_wconf 88' lang='lat' dir='ltr'><strong>hunc</strong></span> <span class='ocrx_word' id='word_1_16' title='bbox 1170 580 1202 644; x_wconf 93' lang='lat' dir='ltr'><strong>in</strong></span> <span class='ocrx_word' id='word_1_17' title='bbox 1235 583 1360 645; x_wconf 87' lang='lat' dir='ltr'><strong>modurn</strong></span> 
     </span>
     <span class='ocr_line' id='line_1_4' title="bbox 213 680 1053 742; baseline -0.011 -1"><span class='ocrx_word' id='word_1_18' title='bbox 213 680 375 742; x_wconf 84' lang='lat' dir='ltr'><strong>vocaverit:</strong></span> <span class='ocrx_word' id='word_1_19' title='bbox 1050 727 1053 732; x_wconf 89' lang='lat'>.</span> 
     </span>
     <span class='ocr_line' id='line_1_5' title="bbox 315 775 1194 858; baseline 0.006 -21"><span class='ocrx_word' id='word_1_20' title='bbox 315 778 419 858; x_wconf 80' lang='lat' dir='ltr'><strong>Tuque</strong></span> <span class='ocrx_word' id='word_1_21' title='bbox 441 795 541 839; x_wconf 89' lang='lat' dir='ltr'><strong>comes</strong></span> <span class='ocrx_word' id='word_1_22' title='bbox 564 775 672 838; x_wconf 89' lang='lat' dir='ltr'><strong>ratium</strong></span> <span class='ocrx_word' id='word_1_23' title='bbox 694 776 840 856; x_wconf 90' lang='lat' dir='ltr'><strong>tractique</strong></span> <span class='ocrx_word' id='word_1_24' title='bbox 862 794 916 857; x_wconf 92' lang='lat' dir='ltr'><strong>per</strong></span> <span class='ocrx_word' id='word_1_25' title='bbox 935 795 1066 856; x_wconf 84' lang='lat' dir='ltr'><strong>aequora</strong></span> <span class='ocrx_word' id='word_1_26' title='bbox 1089 777 1165 844; x_wconf 85' lang='lat' dir='ltr'><strong>sulci</strong></span> <span class='ocrx_word' id='word_1_27' title='bbox 1192 838 1194 842; x_wconf 87' lang='lat'>.</span> 
     </span>
    </p>

    <p class='ocr_par' dir='ltr' id='par_1_3' title="bbox 131 874 1360 1642">
     <span class='ocr_line' id='line_1_6' title="bbox 315 874 1000 955; baseline 0 -18"><span class='ocrx_word' id='word_1_28' title='bbox 315 875 374 947; x_wconf 85' lang='lat' dir='ltr'><strong>Qui</strong></span> <span class='ocrx_word' id='word_1_29' title='bbox 397 893 515 955; x_wconf 82' lang='lat' dir='ltr'><strong>semper</strong></span> <span class='ocrx_word' id='word_1_30' title='bbox 538 893 691 955; x_wconf 80' lang='lat' dir='ltr'><strong>spumas</strong></span> <span class='ocrx_word' id='word_1_31' title='bbox 715 874 848 953; x_wconf 88' lang='lat' dir='ltr'><strong>sequeris</strong></span> <span class='ocrx_word' id='word_1_32' title='bbox 869 874 1000 955; x_wconf 88' lang='lat' dir='ltr'><strong>pompilc</strong></span> 
     </span>
     <span class='ocr_line' id='line_1_7' title="bbox 213 972 1359 1054; baseline 0.002 -19"><span class='ocrx_word' id='word_1_33' title='bbox 213 973 341 1035; x_wconf 88' lang='lat' dir='ltr'><strong>voluisse</strong></span> <span class='ocrx_word' id='word_1_34' title='bbox 363 973 484 1054; x_wconf 89' lang='lat' dir='ltr'><strong>quidem</strong></span> <span class='ocrx_word' id='word_1_35' title='bbox 506 972 546 1033; x_wconf 90' lang='lat' dir='ltr'><strong>ita</strong></span> <span class='ocrx_word' id='word_1_36' title='bbox 569 972 693 1052; x_wconf 93' lang='lat' dir='ltr'><strong>obsequi</strong></span> <span class='ocrx_word' id='word_1_37' title='bbox 716 972 823 1033; x_wconf 92' lang='lat' dir='ltr'><strong>horum</strong></span> <span class='ocrx_word' id='word_1_38' title='bbox 853 979 1011 1052; x_wconf 89' lang='lat' dir='ltr'><strong>poetarum</strong></span> <span class='ocrx_word' id='word_1_39' title='bbox 1044 972 1134 1044; x_wconf 90' lang='lat' dir='ltr'><strong>mori,</strong></span> <span class='ocrx_word' id='word_1_40' title='bbox 1168 981 1201 1034; x_wconf 88' lang='lat' dir='ltr'><strong>ut</strong></span> <span class='ocrx_word' id='word_1_41' title='bbox 1233 973 1265 1036; x_wconf 91' lang='lat' dir='ltr'><strong>in</strong></span> <span class='ocrx_word' id='word_1_42' title='bbox 1298 975 1359 1037; x_wconf 87' lang='lat' dir='ltr'><strong>tine</strong></span> 
     </span>
     <span class='ocr_line' id='line_1_8' title="bbox 213 1056 1360 1157; baseline 0.002 -24"><span class='ocrx_word' id='word_1_43' title='bbox 213 1071 393 1134; x_wconf 84' lang='lat' dir='ltr'><strong>hemistichii</strong></span> <span class='ocrx_word' id='word_1_44' title='bbox 426 1070 599 1152; x_wconf 91' lang='lat' dir='ltr'><strong>posterioris</strong></span> <span class='ocrx_word' id='word_1_45' title='bbox 633 1071 786 1132; x_wconf 89' lang='lat' dir='ltr'><strong>notionem</strong></span> <span class='ocrx_word' id='word_1_46' title='bbox 824 1088 888 1131; x_wconf 91' lang='lat' dir='ltr'><strong>eam</strong></span> <span class='ocrx_word' id='word_1_47' title='bbox 925 1077 1083 1131; x_wconf 85' lang='lat' dir='ltr'><strong>exornaret</strong></span> <span class='ocrx_word' id='word_1_48' title='bbox 1119 1089 1194 1157; x_wconf 85' lang='lat' dir='ltr'><strong>quae</strong></span> <span class='ocrx_word' id='word_1_49' title='bbox 1213 1056 1263 1135; x_wconf 56' lang='lat' dir='ltr'><strong>&#39;in</strong></span> <span class='ocrx_word' id='word_1_50' title='bbox 1297 1073 1360 1150; x_wconf 88' lang='lat' dir='ltr'><strong>fine</strong></span> 
     </span>
     <span class='ocr_line' id='line_1_9' title="bbox 212 1156 1360 1251; baseline 0.001 -19"><span class='ocrx_word' id='word_1_51' title='bbox 212 1170 319 1251; x_wconf 87' lang='lat' dir='ltr'><strong>prioris</strong></span> <span class='ocrx_word' id='word_1_52' title='bbox 341 1168 521 1230; x_wconf 84' lang='lat' dir='ltr'><strong>hemistichii</strong></span> <span class='ocrx_word' id='word_1_53' title='bbox 545 1176 604 1238; x_wconf 90' lang='lat' dir='ltr'><strong>est,</strong></span> <span class='ocrx_word' id='word_1_54' title='bbox 638 1169 690 1231; x_wconf 92' lang='lat' dir='ltr'><strong>sed</strong></span> <span class='ocrx_word' id='word_1_55' title='bbox 713 1168 810 1230; x_wconf 90' lang='lat' dir='ltr'><strong>versui</strong></span> <span class='ocrx_word' id='word_1_56' title='bbox 832 1167 911 1249; x_wconf 91' lang='lat' dir='ltr'><strong>quod</strong></span> <span class='ocrx_word' id='word_1_57' title='bbox 944 1167 1095 1248; x_wconf 88' lang='lat' dir='ltr'><strong>adaptaret</strong></span> <span class='ocrx_word' id='word_1_58' title='bbox 1128 1187 1190 1230; x_wconf 91' lang='lat' dir='ltr'><strong>non</strong></span> <span class='ocrx_word' id='word_1_59' title='bbox 1222 1156 1360 1251; x_wconf 86' lang='lat' dir='ltr'><strong>habuisse</strong></span> 
     </span>
     <span class='ocr_line' id='line_1_10' title="bbox 131 1266 1360 1349; baseline 0.002 -19"><span class='ocrx_word' id='word_1_60' title='bbox 131 1338 134 1343; x_wconf 17' lang='lat'><strong><em>⁴</em></strong></span> <span class='ocrx_word' id='word_1_61' title='bbox 212 1276 328 1349; x_wconf 88' lang='lat' dir='ltr'><strong>praeter</strong></span> <span class='ocrx_word' id='word_1_62' title='bbox 349 1271 483 1339; x_wconf 75' lang='lat' dir='ltr'><strong>nitentes,</strong></span> <span class='ocrx_word' id='word_1_63' title='bbox 512 1286 571 1347; x_wconf 89' lang='lat' dir='ltr'><strong>quo</strong></span> <span class='ocrx_word' id='word_1_64' title='bbox 593 1275 693 1328; x_wconf 87' lang='lat' dir='ltr'><strong>tamen</strong></span> <span class='ocrx_word' id='word_1_65' title='bbox 721 1266 810 1327; x_wconf 89' lang='lat' dir='ltr'><strong>verbo</strong></span> <span class='ocrx_word' id='word_1_66' title='bbox 839 1266 919 1328; x_wconf 92' lang='lat' dir='ltr'><strong>unda</strong></span> <span class='ocrx_word' id='word_1_67' title='bbox 946 1285 1020 1345; x_wconf 92' lang='lat' dir='ltr'><strong>pura</strong></span> <span class='ocrx_word' id='word_1_68' title='bbox 1047 1267 1145 1347; x_wconf 91' lang='lat' dir='ltr'><strong>potius</strong></span> <span class='ocrx_word' id='word_1_69' title='bbox 1172 1268 1306 1331; x_wconf 88' lang='lat' dir='ltr'><strong>videlicet</strong></span> <span class='ocrx_word' id='word_1_70' title='bbox 1329 1278 1360 1333; x_wconf 90' lang='lat' dir='ltr'><strong>et</strong></span> 
     </span>
     <span class='ocr_line' id='line_1_11' title="bbox 212 1364 1360 1445; baseline -0.001 -16"><span class='ocrx_word' id='word_1_71' title='bbox 212 1368 289 1428; x_wconf 91' lang='lat' dir='ltr'><strong>clara</strong></span> <span class='ocrx_word' id='word_1_72' title='bbox 312 1364 489 1429; x_wconf 87' lang='lat' dir='ltr'><strong>describitur</strong></span> <span class='ocrx_word' id='word_1_73' title='bbox 519 1382 607 1444; x_wconf 85' lang='lat' dir='ltr'><strong>quam</strong></span> <span class='ocrx_word' id='word_1_74' title='bbox 637 1381 710 1426; x_wconf 88' lang='lat' dir='ltr'><strong>cana</strong></span> <span class='ocrx_word' id='word_1_75' title='bbox 738 1364 788 1424; x_wconf 91' lang='lat' dir='ltr'><strong>illa</strong></span> <span class='ocrx_word' id='word_1_76' title='bbox 816 1382 922 1445; x_wconf 87' lang='lat' dir='ltr'><strong>spuma</strong></span> <span class='ocrx_word' id='word_1_77' title='bbox 952 1365 1075 1444; x_wconf 87' lang='lat' dir='ltr'><strong>gurgitis</strong></span> <span class='ocrx_word' id='word_1_78' title='bbox 1101 1365 1213 1428; x_wconf 90' lang='lat' dir='ltr'><strong>sulcati.</strong></span> <span class='ocrx_word' id='word_1_79' title='bbox 1257 1365 1360 1441; x_wconf 75' lang='lat' dir='ltr'><strong>Quid?</strong></span> 
     </span>
     <span class='ocr_line' id='line_1_12' title="bbox 211 1461 1359 1542; baseline 0.001 -14"><span class='ocrx_word' id='word_1_80' title='bbox 211 1465 376 1528; x_wconf 83' lang='lat' dir='ltr'><strong>Ausonium</strong></span> <span class='ocrx_word' id='word_1_81' title='bbox 411 1481 480 1527; x_wconf 87' lang='lat' dir='ltr'><strong>eum</strong></span> <span class='ocrx_word' id='word_1_82' title='bbox 509 1462 659 1524; x_wconf 84' lang='lat' dir='ltr'><strong>Mosellam</strong></span> <span class='ocrx_word' id='word_1_83' title='bbox 690 1461 833 1524; x_wconf 84' lang='lat' dir='ltr'><strong>scriberet</strong></span> <span class='ocrx_word' id='word_1_84' title='bbox 868 1462 985 1542; x_wconf 87' lang='lat' dir='ltr'><strong>cognita</strong></span> <span class='ocrx_word' id='word_1_85' title='bbox 1021 1462 1184 1526; x_wconf 84' lang='lat' dir='ltr'><strong>llalientica</strong></span> <span class='ocrx_word' id='word_1_86' title='bbox 1218 1464 1359 1531; x_wconf 84' lang='lat' dir='ltr'><strong>babuisse</strong></span> 
     </span>
     <span class='ocr_line' id='line_1_13' title="bbox 214 1560 1292 1642; baseline -0.002 -16"><span class='ocrx_word' id='word_1_87' title='bbox 214 1564 299 1626; x_wconf 88' lang='lat' dir='ltr'><strong>facile</strong></span> <span class='ocrx_word' id='word_1_88' title='bbox 321 1563 358 1625; x_wconf 92' lang='lat' dir='ltr'><strong>ad</strong></span> <span class='ocrx_word' id='word_1_89' title='bbox 381 1561 563 1624; x_wconf 91' lang='lat' dir='ltr'><strong>credendum</strong></span> <span class='ocrx_word' id='word_1_90' title='bbox 586 1565 650 1636; x_wconf 80' lang='grc' dir='ltr'><strong>001;Ι</strong></span> <span class='ocrx_word' id='word_1_91' title='bbox 674 1568 704 1622; x_wconf 84' lang='grc'><strong>01</strong></span> <span class='ocrx_word' id='word_1_92' title='bbox 729 1560 794 1623; x_wconf 84' lang='lat' dir='ltr'><strong>ride</strong></span> <span class='ocrx_word' id='word_1_93' title='bbox 819 1569 932 1642; x_wconf 89' lang='lat' dir='ltr'><strong>quanto</strong></span> <span class='ocrx_word' id='word_1_94' title='bbox 957 1561 1067 1623; x_wconf 87' lang='lat' dir='ltr'><strong>rectius</strong></span> <span class='ocrx_word' id='word_1_95' title='bbox 1093 1560 1142 1624; x_wconf 91' lang='lat' dir='ltr'><strong>ille</strong></span> <span class='ocrx_word' id='word_1_96' title='bbox 1167 1568 1194 1624; x_wconf 83' lang='lat' dir='ltr'><strong>r.</strong></span> <span class='ocrx_word' id='word_1_97' title='bbox 1218 1565 1292 1626; x_wconf 85' lang='lat'><strong>107:</strong></span> 
     </span>
    </p>

    <p class='ocr_par' dir='ltr' id='par_1_4' title="bbox 212 1659 1359 1923">
     <span class='ocr_line' id='line_1_14' title="bbox 313 1659 1301 1740; baseline -0.001 -16"><span class='ocrx_word' id='word_1_98' title='bbox 313 1662 533 1740; x_wconf 90' lang='lat' dir='ltr'><strong>Spumarum</strong></span> <span class='ocrx_word' id='word_1_99' title='bbox 563 1659 679 1722; x_wconf 90' lang='lat' dir='ltr'><strong>indiciis</strong></span> <span class='ocrx_word' id='word_1_100' title='bbox 710 1659 832 1740; x_wconf 87' lang='lat' dir='ltr'><strong>caperis,</strong></span> <span class='ocrx_word' id='word_1_101' title='bbox 862 1659 1011 1732; x_wconf 87' lang='lat' dir='ltr'><strong>mustella,</strong></span> <span class='ocrx_word' id='word_1_102' title='bbox 1041 1664 1262 1723; x_wconf 85' lang='lat' dir='ltr'><strong>natantum</strong></span> <span class='ocrx_word' id='word_1_103' title='bbox 1298 1672 1301 1681; x_wconf 58' lang='lat'><strong>⁴</strong></span> 
     </span>
     <span class='ocr_line' id='line_1_15' title="bbox 212 1757 1359 1840; baseline 0.003 -19"><span class='ocrx_word' id='word_1_104' title='bbox 212 1767 314 1823; x_wconf 88' lang='lat' dir='ltr'><strong>tamen</strong></span> <span class='ocrx_word' id='word_1_105' title='bbox 328 1778 401 1821; x_wconf 90' lang='lat' dir='ltr'><strong>num</strong></span> <span class='ocrx_word' id='word_1_106' title='bbox 417 1758 492 1821; x_wconf 88' lang='lat' dir='ltr'><strong>alter</strong></span> <span class='ocrx_word' id='word_1_107' title='bbox 505 1766 593 1838; x_wconf 91' lang='lat' dir='ltr'><strong>poeta</strong></span> <span class='ocrx_word' id='word_1_108' title='bbox 609 1758 735 1821; x_wconf 90' lang='lat' dir='ltr'><strong>alterum</strong></span> <span class='ocrx_word' id='word_1_109' title='bbox 750 1757 953 1820; x_wconf 84' lang='lat' dir='ltr'><strong>emendaverit</strong></span> <span class='ocrx_word' id='word_1_110' title='bbox 967 1774 1006 1820; x_wconf 92' lang='lat' dir='ltr'><strong>an</strong></span> <span class='ocrx_word' id='word_1_111' title='bbox 1022 1757 1099 1820; x_wconf 81' lang='lat' dir='ltr'><strong>forte</strong></span> <span class='ocrx_word' id='word_1_112' title='bbox 1114 1758 1213 1840; x_wconf 90' lang='lat' dir='ltr'><strong>ipsum</strong></span> <span class='ocrx_word' id='word_1_113' title='bbox 1227 1760 1359 1824; x_wconf 76' lang='lat' dir='ltr'><strong>notantis</strong></span> 
     </span>
     <span class='ocr_line' id='line_1_16' title="bbox 213 1855 1207 1923; baseline -0.005 -2"><span class='ocrx_word' id='word_1_114' title='bbox 213 1860 283 1923; x_wconf 91' lang='lat' dir='ltr'><strong>olim</strong></span> <span class='ocrx_word' id='word_1_115' title='bbox 309 1857 341 1921; x_wconf 93' lang='lat' dir='ltr'><strong>in</strong></span> <span class='ocrx_word' id='word_1_116' title='bbox 364 1857 468 1919; x_wconf 80' lang='lat' dir='ltr'><strong>Ouidio</strong></span> <span class='ocrx_word' id='word_1_117' title='bbox 494 1856 642 1920; x_wconf 83' lang='lat' dir='ltr'><strong>exstiterit</strong></span> <span class='ocrx_word' id='word_1_118' title='bbox 667 1871 730 1919; x_wconf 91' lang='lat' dir='ltr'><strong>non</strong></span> <span class='ocrx_word' id='word_1_119' title='bbox 756 1855 895 1918; x_wconf 91' lang='lat' dir='ltr'><strong>diiudico.</strong></span> <span class='ocrx_word' id='word_1_120' title='bbox 1175 1872 1178 1876; x_wconf 87' lang='lat'>·</span> <span class='ocrx_word' id='word_1_121' title='bbox 1204 1865 1207 1869; x_wconf 84' lang='grc'><strong><em>’</em></strong></span> 
     </span>
    </p>

    <p class='ocr_par' dir='ltr' id='par_1_5' title="bbox 295 1954 1267 2037">
     <span class='ocr_line' id='line_1_17' title="bbox 295 1954 1267 2037; baseline -0.003 -16"><span class='ocrx_word' id='word_1_122' title='bbox 295 1959 476 2021; x_wconf 80' lang='lat' dir='ltr'><strong>decedamus</strong></span> <span class='ocrx_word' id='word_1_123' title='bbox 497 1957 533 2020; x_wconf 91' lang='lat' dir='ltr'><strong>ad</strong></span> <span class='ocrx_word' id='word_1_124' title='bbox 557 1956 690 2020; x_wconf 91' lang='lat' dir='ltr'><strong>channen</strong></span> <span class='ocrx_word' id='word_1_125' title='bbox 712 1956 824 2036; x_wconf 90' lang='lat' dir='ltr'><strong>piscem</strong></span> <span class='ocrx_word' id='word_1_126' title='bbox 847 1955 885 2017; x_wconf 89' lang='lat' dir='ltr'><strong>de</strong></span> <span class='ocrx_word' id='word_1_127' title='bbox 906 1974 965 2037; x_wconf 90' lang='lat' dir='ltr'><strong>qua</strong></span> <span class='ocrx_word' id='word_1_128' title='bbox 986 1954 1077 2017; x_wconf 86' lang='lat' dir='ltr'><strong>habes</strong></span> <span class='ocrx_word' id='word_1_129' title='bbox 1101 1972 1127 2016; x_wconf 90' lang='lat' dir='ltr'><strong>r.</strong></span> <span class='ocrx_word' id='word_1_130' title='bbox 1146 1956 1221 2018; x_wconf 83' lang='lat'>107:</span> <span class='ocrx_word' id='word_1_131' title='bbox 1265 1961 1267 1965; x_wconf 71' lang='lat'>‘</span> 
     </span>
    </p>

    <p class='ocr_par' dir='ltr' id='par_1_6' title="bbox 354 2061 1257 2234">
     <span class='ocr_line' id='line_1_18' title="bbox 1000 2061 1146 2116; baseline 0.007 -1"><span class='ocrx_word' id='word_1_132' title='bbox 1000 2061 1088 2115; x_wconf 85' lang='lat' dir='ltr'><strong>etex</strong></span> <span class='ocrx_word' id='word_1_133' title='bbox 1114 2073 1146 2116; x_wconf 93' lang='lat' dir='ltr'><strong>se</strong></span> 
     </span>
     <span class='ocr_line' id='line_1_19' title="bbox 354 2149 1257 2234; baseline -0.003 -17"><span class='ocrx_word' id='word_1_134' title='bbox 354 2153 527 2234; x_wconf 88' lang='lat' dir='ltr'><strong>Concipiens</strong></span> <span class='ocrx_word' id='word_1_135' title='bbox 549 2151 665 2214; x_wconf 83' lang='lat' dir='ltr'><strong>channe</strong></span> <span class='ocrx_word' id='word_1_136' title='bbox 687 2151 806 2232; x_wconf 89' lang='lat' dir='ltr'><strong>gemino</strong></span> <span class='ocrx_word' id='word_1_137' title='bbox 827 2149 884 2212; x_wconf 92' lang='lat' dir='ltr'><strong>sibi</strong></span> <span class='ocrx_word' id='word_1_138' title='bbox 904 2153 1027 2214; x_wconf 83' lang='lat' dir='ltr'><strong>lundata</strong></span> <span class='ocrx_word' id='word_1_139' title='bbox 1047 2158 1181 2232; x_wconf 86' lang='lat' dir='ltr'><strong>parente.</strong></span> <span class='ocrx_word' id='word_1_140' title='bbox 1235 2160 1257 2173; x_wconf 82' lang='lat'><strong>&#39;·</strong></span> 
     </span>
    </p>

    <p class='ocr_par' dir='ltr' id='par_1_7' title="bbox 115 2249 1404 4502">
     <span class='ocr_line' id='line_1_20' title="bbox 210 2249 1357 2334; baseline 0 -18"><span class='ocrx_word' id='word_1_141' title='bbox 210 2254 355 2317; x_wconf 79' lang='lat' dir='ltr'><strong>violentia</strong></span> <span class='ocrx_word' id='word_1_142' title='bbox 377 2272 430 2315; x_wconf 89' lang='lat' dir='ltr'><strong>sua</strong></span> <span class='ocrx_word' id='word_1_143' title='bbox 453 2269 517 2313; x_wconf 90' lang='lat' dir='ltr'><strong>non</strong></span> <span class='ocrx_word' id='word_1_144' title='bbox 539 2250 645 2312; x_wconf 82' lang='lat' dir='ltr'><strong>defecit</strong></span> <span class='ocrx_word' id='word_1_145' title='bbox 666 2249 793 2311; x_wconf 88' lang='lat' dir='ltr'><strong>editores</strong></span> <span class='ocrx_word' id='word_1_146' title='bbox 817 2249 867 2330; x_wconf 91' lang='lat' dir='ltr'><strong>qui</strong></span> <span class='ocrx_word' id='word_1_147' title='bbox 901 2250 1055 2312; x_wconf 88' lang='lat' dir='ltr'><strong>exhibent:</strong></span> <span class='ocrx_word' id='word_1_148' title='bbox 1082 2255 1193 2331; x_wconf 73' lang='lat' dir='ltr'><strong>gemme</strong></span> <span class='ocrx_word' id='word_1_149' title='bbox 1213 2253 1357 2334; x_wconf 75' lang='lat' dir='ltr'><strong>fraudato</strong></span> 
     </span>
     <span class='ocr_line' id='line_1_21' title="bbox 206 2347 1357 2434; baseline -0.001 -20"><span class='ocrx_word' id='word_1_150' title='bbox 206 2363 344 2434; x_wconf 76' lang='lat' dir='ltr'><strong>pareote3</strong></span> <span class='ocrx_word' id='word_1_151' title='bbox 375 2350 456 2414; x_wconf 91' lang='lat' dir='ltr'><strong>unde</strong></span> <span class='ocrx_word' id='word_1_152' title='bbox 489 2349 570 2411; x_wconf 90' lang='lat' dir='ltr'><strong>enim</strong></span> <span class='ocrx_word' id='word_1_153' title='bbox 603 2356 703 2410; x_wconf 90' lang='lat' dir='ltr'><strong>ortum</strong></span> <span class='ocrx_word' id='word_1_154' title='bbox 732 2365 799 2409; x_wconf 92' lang='lat' dir='ltr'><strong>esse</strong></span> <span class='ocrx_word' id='word_1_155' title='bbox 821 2347 990 2428; x_wconf 87' lang='lat' dir='ltr'><strong>putabimus</strong></span> <span class='ocrx_word' id='word_1_156' title='bbox 1023 2347 1100 2411; x_wconf 72' lang='grc'>01011</span> <span class='ocrx_word' id='word_1_157' title='bbox 1133 2351 1223 2412; x_wconf 84' lang='lat' dir='ltr'><strong>Verae</strong></span> <span class='ocrx_word' id='word_1_158' title='bbox 1255 2354 1357 2413; x_wconf 86' lang='lat' dir='ltr'><strong>tamen</strong></span> 
     </span>
     <span class='ocr_line' id='line_1_22' title="bbox 212 2446 1357 2529; baseline -0.002 -16"><span class='ocrx_word' id='word_1_159' title='bbox 212 2450 427 2513; x_wconf 89' lang='lat' dir='ltr'><strong>emendationis</strong></span> <span class='ocrx_word' id='word_1_160' title='bbox 450 2449 496 2510; x_wconf 86' lang='lat' dir='ltr'><strong>via</strong></span> <span class='ocrx_word' id='word_1_161' title='bbox 510 2465 572 2510; x_wconf 95' lang='lat' dir='ltr'><strong>non</strong></span> <span class='ocrx_word' id='word_1_162' title='bbox 594 2446 720 2523; x_wconf 80' lang='lat' dir='ltr'><strong>latebat3</strong></span> <span class='ocrx_word' id='word_1_163' title='bbox 741 2447 823 2527; x_wconf 90' lang='lat' dir='ltr'><strong>ipsos</strong></span> <span class='ocrx_word' id='word_1_164' title='bbox 844 2446 980 2509; x_wconf 88' lang='lat' dir='ltr'><strong>librarios</strong></span> <span class='ocrx_word' id='word_1_165' title='bbox 995 2465 1148 2528; x_wconf 85' lang='lat' dir='ltr'><strong>rogemus:</strong></span> <span class='ocrx_word' id='word_1_166' title='bbox 1171 2447 1314 2529; x_wconf 87' lang='lat' dir='ltr'><strong>praebent</strong></span> <span class='ocrx_word' id='word_1_167' title='bbox 1335 2450 1357 2511; x_wconf 89' lang='lat' dir='ltr'><strong>ii</strong></span> 
     </span>
     <span class='ocr_line' id='line_1_23' title="bbox 211 2545 1355 2630; baseline -0.003 -19"><span class='ocrx_word' id='word_1_168' title='bbox 211 2569 319 2630; x_wconf 89' lang='lat' dir='ltr'><strong>nempe</strong></span> <span class='ocrx_word' id='word_1_169' title='bbox 341 2550 372 2610; x_wconf 90' lang='lat' dir='ltr'><strong>in</strong></span> <span class='ocrx_word' id='word_1_170' title='bbox 395 2568 483 2611; x_wconf 89' lang='lat' dir='ltr'><strong>versu</strong></span> <span class='ocrx_word' id='word_1_171' title='bbox 506 2548 664 2626; x_wconf 84' lang='lat' dir='ltr'><strong>fragmenti</strong></span> <span class='ocrx_word' id='word_1_172' title='bbox 680 2545 770 2607; x_wconf 92' lang='lat' dir='ltr'><strong>huius</strong></span> <span class='ocrx_word' id='word_1_173' title='bbox 789 2547 849 2607; x_wconf 88' lang='grc'><strong>114</strong></span> <span class='ocrx_word' id='word_1_174' title='bbox 864 2546 1001 2608; x_wconf 85' lang='lat' dir='ltr'><strong>merolute</strong></span> <span class='ocrx_word' id='word_1_175' title='bbox 1022 2564 1076 2627; x_wconf 93' lang='lat' dir='ltr'><strong>pro</strong></span> <span class='ocrx_word' id='word_1_176' title='bbox 1090 2547 1228 2619; x_wconf 78' lang='lat' dir='ltr'><strong>merulus,</strong></span> <span class='ocrx_word' id='word_1_177' title='bbox 1251 2568 1277 2608; x_wconf 89' lang='lat' dir='ltr'><strong>v.</strong></span> <span class='ocrx_word' id='word_1_178' title='bbox 1296 2547 1355 2608; x_wconf 88' lang='lat'><strong>113</strong></span> 
     </span>
     <span class='ocr_line' id='line_1_24' title="bbox 210 2644 1358 2730; baseline -0.003 -19"><span class='ocrx_word' id='word_1_179' title='bbox 210 2649 329 2711; x_wconf 87' lang='lat' dir='ltr'><strong>coudotc</strong></span> <span class='ocrx_word' id='word_1_180' title='bbox 351 2666 404 2730; x_wconf 87' lang='lat' dir='ltr'><strong>pro</strong></span> <span class='ocrx_word' id='word_1_181' title='bbox 428 2647 544 2719; x_wconf 80' lang='lat' dir='ltr'><strong>conduc,</strong></span> <span class='ocrx_word' id='word_1_182' title='bbox 566 2648 750 2708; x_wconf 82' lang='lat' dir='ltr'><strong>concicitotur</strong></span> <span class='ocrx_word' id='word_1_183' title='bbox 770 2664 825 2726; x_wconf 94' lang='lat' dir='ltr'><strong>pro</strong></span> <span class='ocrx_word' id='word_1_184' title='bbox 848 2649 972 2707; x_wconf 80' lang='lat' dir='ltr'><strong>concitus</strong></span> <span class='ocrx_word' id='word_1_185' title='bbox 993 2665 1020 2706; x_wconf 88' lang='lat' dir='ltr'><strong>v.</strong></span> <span class='ocrx_word' id='word_1_186' title='bbox 1044 2645 1094 2719; x_wconf 83' lang='lat'><strong>39,</strong></span> <span class='ocrx_word' id='word_1_187' title='bbox 1117 2665 1143 2706; x_wconf 88' lang='lat' dir='ltr'><strong>v.</strong></span> <span class='ocrx_word' id='word_1_188' title='bbox 1167 2644 1358 2710; x_wconf 67' lang='lat' dir='ltr'><strong>etiamtum</strong></span> 
     </span>
     <span class='ocr_line' id='line_1_25' title="bbox 210 2729 1354 2827; baseline -0.002 -18"><span class='ocrx_word' id='word_1_189' title='bbox 210 2748 256 2809; x_wconf 88' lang='lat' dir='ltr'><strong>vel</strong></span> <span class='ocrx_word' id='word_1_190' title='bbox 277 2749 396 2808; x_wconf 80' lang='lat' dir='ltr'><strong>inmittis</strong></span> <span class='ocrx_word' id='word_1_191' title='bbox 417 2763 471 2826; x_wconf 88' lang='lat' dir='ltr'><strong>pro</strong></span> <span class='ocrx_word' id='word_1_192' title='bbox 492 2748 614 2818; x_wconf 74' lang='lat' dir='ltr'><strong>inmites,</strong></span> <span class='ocrx_word' id='word_1_193' title='bbox 636 2763 662 2805; x_wconf 86' lang='lat' dir='ltr'><strong>r.</strong></span> <span class='ocrx_word' id='word_1_194' title='bbox 686 2741 727 2815; x_wconf 79' lang='lat'><strong>28</strong></span> <span class='ocrx_word' id='word_1_195' title='bbox 750 2754 903 2807; x_wconf 77' lang='lat' dir='ltr'><strong>concertet</strong></span> <span class='ocrx_word' id='word_1_196' title='bbox 924 2765 980 2827; x_wconf 91' lang='lat' dir='ltr'><strong>pro</strong></span> <span class='ocrx_word' id='word_1_197' title='bbox 1002 2729 1142 2818; x_wconf 76' lang='grc'>00000100,</span> <span class='ocrx_word' id='word_1_198' title='bbox 1172 2747 1244 2810; x_wconf 90' lang='lat' dir='ltr'><strong>item</strong></span> <span class='ocrx_word' id='word_1_199' title='bbox 1266 2766 1292 2808; x_wconf 88' lang='lat' dir='ltr'><strong>v.</strong></span> <span class='ocrx_word' id='word_1_200' title='bbox 1314 2747 1354 2808; x_wconf 86' lang='grc'><strong>01</strong></span> 
     </span>
     <span class='ocr_line' id='line_1_26' title="bbox 210 2843 1356 2926; baseline -0.002 -18"><span class='ocrx_word' id='word_1_201' title='bbox 210 2845 304 2926; x_wconf 79' lang='lat' dir='ltr'><strong>olpcte</strong></span> <span class='ocrx_word' id='word_1_202' title='bbox 325 2845 356 2906; x_wconf 91' lang='lat' dir='ltr'><strong>in</strong></span> <span class='ocrx_word' id='word_1_203' title='bbox 379 2843 522 2915; x_wconf 91' lang='lat' dir='ltr'><strong>Parisino,</strong></span> <span class='ocrx_word' id='word_1_204' title='bbox 544 2847 618 2904; x_wconf 83' lang='lat' dir='ltr'><strong>irate</strong></span> <span class='ocrx_word' id='word_1_205' title='bbox 639 2860 693 2923; x_wconf 95' lang='lat' dir='ltr'><strong>pro</strong></span> <span class='ocrx_word' id='word_1_206' title='bbox 715 2846 758 2904; x_wconf 85' lang='lat' dir='ltr'><strong>tre</strong></span> <span class='ocrx_word' id='word_1_207' title='bbox 779 2843 811 2904; x_wconf 89' lang='lat' dir='ltr'><strong>in</strong></span> <span class='ocrx_word' id='word_1_208' title='bbox 833 2862 859 2904; x_wconf 82' lang='lat' dir='ltr'><strong>r.</strong></span> <span class='ocrx_word' id='word_1_209' title='bbox 876 2843 917 2904; x_wconf 81' lang='lat'><strong>52</strong></span> <span class='ocrx_word' id='word_1_210' title='bbox 939 2851 1008 2925; x_wconf 86' lang='lat' dir='ltr'><strong>post</strong></span> <span class='ocrx_word' id='word_1_211' title='bbox 1022 2864 1049 2906; x_wconf 88' lang='lat' dir='ltr'><strong>v.</strong></span> <span class='ocrx_word' id='word_1_212' title='bbox 1065 2845 1105 2907; x_wconf 82' lang='grc'><strong>05</strong></span> <span class='ocrx_word' id='word_1_213' title='bbox 1127 2845 1245 2919; x_wconf 86' lang='lat' dir='ltr'><strong>iterato,</strong></span> <span class='ocrx_word' id='word_1_214' title='bbox 1266 2862 1356 2925; x_wconf 92' lang='lat' dir='ltr'><strong>porro</strong></span> 
     </span>
     <span class='ocr_line' id='line_1_27' title="bbox 211 2941 1355 3024; baseline 0 -18"><span class='ocrx_word' id='word_1_215' title='bbox 211 2954 312 3006; x_wconf 85' lang='lat' dir='ltr'><strong>uurote</strong></span> <span class='ocrx_word' id='word_1_216' title='bbox 333 2962 387 3024; x_wconf 89' lang='lat' dir='ltr'><strong>pro</strong></span> <span class='ocrx_word' id='word_1_217' title='bbox 410 2961 500 3005; x_wconf 85' lang='lat' dir='ltr'><strong>ouroe</strong></span> <span class='ocrx_word' id='word_1_218' title='bbox 521 2962 548 3003; x_wconf 85' lang='lat' dir='ltr'><strong>r.</strong></span> <span class='ocrx_word' id='word_1_219' title='bbox 564 2941 616 3012; x_wconf 84' lang='grc'><strong>70,</strong></span> <span class='ocrx_word' id='word_1_220' title='bbox 634 2953 749 3021; x_wconf 85' lang='lat' dir='ltr'><strong>percote</strong></span> <span class='ocrx_word' id='word_1_221' title='bbox 770 2960 825 3022; x_wconf 91' lang='lat' dir='ltr'><strong>pro</strong></span> <span class='ocrx_word' id='word_1_222' title='bbox 846 2961 948 3024; x_wconf 85' lang='lat' dir='ltr'><strong>percae</strong></span> <span class='ocrx_word' id='word_1_223' title='bbox 970 2963 995 3004; x_wconf 88' lang='lat' dir='ltr'><strong>v.</strong></span> <span class='ocrx_word' id='word_1_224' title='bbox 1015 2942 1085 3016; x_wconf 81' lang='lat'><strong>112,</strong></span> <span class='ocrx_word' id='word_1_225' title='bbox 1107 2943 1211 3006; x_wconf 82' lang='lat' dir='ltr'><strong>sulcate</strong></span> <span class='ocrx_word' id='word_1_226' title='bbox 1232 2962 1288 3024; x_wconf 90' lang='lat' dir='ltr'><strong>pro</strong></span> <span class='ocrx_word' id='word_1_227' title='bbox 1309 2962 1355 3006; x_wconf 85' lang='lat' dir='ltr'><strong>so·</strong></span> 
     </span>
     <span class='ocr_line' id='line_1_28' title="bbox 209 3040 1356 3122; baseline -0.003 -16"><span class='ocrx_word' id='word_1_228' title='bbox 209 3043 270 3106; x_wconf 84' lang='lat' dir='ltr'><strong>leuc</strong></span> <span class='ocrx_word' id='word_1_229' title='bbox 294 3042 364 3116; x_wconf 83' lang='lat'><strong>124,</strong></span> <span class='ocrx_word' id='word_1_230' title='bbox 396 3052 481 3104; x_wconf 76' lang='lat' dir='ltr'><strong>route</strong></span> <span class='ocrx_word' id='word_1_231' title='bbox 507 3059 561 3122; x_wconf 88' lang='lat' dir='ltr'><strong>pro</strong></span> <span class='ocrx_word' id='word_1_232' title='bbox 583 3058 674 3103; x_wconf 81' lang='lat' dir='ltr'><strong>roone</strong></span> <span class='ocrx_word' id='word_1_233' title='bbox 696 3060 724 3101; x_wconf 82' lang='lat' dir='ltr'><strong>v.</strong></span> <span class='ocrx_word' id='word_1_234' title='bbox 750 3040 819 3103; x_wconf 76' lang='lat'><strong>1⁶26.</strong></span> <span class='ocrx_word' id='word_1_235' title='bbox 864 3042 945 3114; x_wconf 87' lang='lat' dir='ltr'><strong>Quae</strong></span> <span class='ocrx_word' id='word_1_236' title='bbox 969 3042 1163 3105; x_wconf 86' lang='lat' dir='ltr'><strong>exuberantes</strong></span> <span class='ocrx_word' id='word_1_237' title='bbox 1192 3041 1356 3122; x_wconf 88' lang='lat' dir='ltr'><strong>scripturae</strong></span> 
     </span>
     <span class='ocr_line' id='line_1_29' title="bbox 209 3140 1357 3222; baseline -0.003 -18"><span class='ocrx_word' id='word_1_238' title='bbox 209 3140 435 3222; x_wconf 90' lang='lat' dir='ltr'><strong>langobardicae</strong></span> <span class='ocrx_word' id='word_1_239' title='bbox 463 3159 498 3201; x_wconf 80' lang='lat' dir='ltr'><strong>ex</strong></span> <span class='ocrx_word' id='word_1_240' title='bbox 521 3140 687 3203; x_wconf 91' lang='lat' dir='ltr'><strong>litterarum</strong></span> <span class='ocrx_word' id='word_1_241' title='bbox 710 3157 729 3200; x_wconf 88' lang='lat' dir='ltr'><strong>o</strong></span> <span class='ocrx_word' id='word_1_242' title='bbox 751 3149 782 3202; x_wconf 91' lang='lat' dir='ltr'><strong>et</strong></span> <span class='ocrx_word' id='word_1_243' title='bbox 804 3151 816 3204; x_wconf 89' lang='lat' dir='ltr'><strong>t</strong></span> <span class='ocrx_word' id='word_1_244' title='bbox 836 3141 1240 3221; x_wconf 81' lang='lat' dir='ltr'><strong>similitudine-explicandae</strong></span> <span class='ocrx_word' id='word_1_245' title='bbox 1262 3141 1357 3219; x_wconf 89' lang='lat' dir='ltr'><strong>profi-</strong></span> 
     </span>
     <span class='ocr_line' id='line_1_30' title="bbox 209 3236 1354 3318; baseline -0.006 -15"><span class='ocrx_word' id='word_1_246' title='bbox 209 3240 381 3303; x_wconf 89' lang='lat' dir='ltr'><strong>ciscendum</strong></span> <span class='ocrx_word' id='word_1_247' title='bbox 397 3259 462 3302; x_wconf 84' lang='lat' dir='ltr'><strong>esse</strong></span> <span class='ocrx_word' id='word_1_248' title='bbox 476 3239 586 3302; x_wconf 88' lang='lat' dir='ltr'><strong>docent</strong></span> <span class='ocrx_word' id='word_1_249' title='bbox 608 3239 791 3302; x_wconf 87' lang='lat' dir='ltr'><strong>emendatori</strong></span> <span class='ocrx_word' id='word_1_250' title='bbox 805 3239 837 3301; x_wconf 88' lang='lat' dir='ltr'><strong>in</strong></span> <span class='ocrx_word' id='word_1_251' title='bbox 852 3259 880 3302; x_wconf 86' lang='lat' dir='ltr'><strong>r.</strong></span> <span class='ocrx_word' id='word_1_252' title='bbox 899 3239 958 3303; x_wconf 88' lang='grc'><strong>108</strong></span> <span class='ocrx_word' id='word_1_253' title='bbox 974 3241 1009 3302; x_wconf 90' lang='lat' dir='ltr'><strong>ab</strong></span> <span class='ocrx_word' id='word_1_254' title='bbox 1025 3240 1079 3302; x_wconf 86' lang='lat' dir='ltr'><strong>hac</strong></span> <span class='ocrx_word' id='word_1_255' title='bbox 1093 3238 1194 3318; x_wconf 89' lang='lat' dir='ltr'><strong>potius</strong></span> <span class='ocrx_word' id='word_1_256' title='bbox 1216 3236 1354 3298; x_wconf 87' lang='lat' dir='ltr'><strong>lectione:</strong></span> 
     </span>
     <span class='ocr_line' id='line_1_31' title="bbox 207 3332 1356 3419; baseline -0.007 -18"><span class='ocrx_word' id='word_1_257' title='bbox 207 3342 318 3419; x_wconf 77' lang='lat' dir='ltr'><strong>gemino</strong></span> <span class='ocrx_word' id='word_1_258' title='bbox 339 3339 394 3400; x_wconf 82' lang='lat' dir='ltr'><strong>sibi</strong></span> <span class='ocrx_word' id='word_1_259' title='bbox 412 3339 509 3418; x_wconf 78' lang='lat' dir='ltr'><strong>suado</strong></span> <span class='ocrx_word' id='word_1_260' title='bbox 527 3346 658 3419; x_wconf 81' lang='lat' dir='ltr'><strong>parente.</strong></span> <span class='ocrx_word' id='word_1_261' title='bbox 702 3338 799 3418; x_wconf 81' lang='lat' dir='ltr'><strong>Atque</strong></span> <span class='ocrx_word' id='word_1_262' title='bbox 829 3356 954 3402; x_wconf 88' lang='lat' dir='ltr'><strong>sensum</strong></span> <span class='ocrx_word' id='word_1_263' title='bbox 981 3352 1084 3399; x_wconf 84' lang='lat' dir='ltr'><strong>verum</strong></span> <span class='ocrx_word' id='word_1_264' title='bbox 1108 3334 1252 3414; x_wconf 83' lang='lat' dir='ltr'><strong>Hauptius</strong></span> <span class='ocrx_word' id='word_1_265' title='bbox 1274 3332 1356 3394; x_wconf 89' lang='lat' dir='ltr'><strong>indi-</strong></span> 
     </span>
     <span class='ocr_line' id='line_1_32' title="bbox 209 3431 1355 3515; baseline -0.004 -15"><span class='ocrx_word' id='word_1_266' title='bbox 209 3437 283 3500; x_wconf 88' lang='lat' dir='ltr'><strong>oavit</strong></span> <span class='ocrx_word' id='word_1_267' title='bbox 303 3437 364 3498; x_wconf 90' lang='lat' dir='ltr'><strong>his:</strong></span> <span class='ocrx_word' id='word_1_268' title='bbox 396 3436 525 3514; x_wconf 72' lang='lat' dir='ltr'><strong>‚semini</strong></span> <span class='ocrx_word' id='word_1_269' title='bbox 547 3437 609 3498; x_wconf 87' lang='lat' dir='ltr'><strong>vire</strong></span> <span class='ocrx_word' id='word_1_270' title='bbox 636 3435 737 3497; x_wconf 84' lang='lat' dir='ltr'><strong>suncta</strong></span> <span class='ocrx_word' id='word_1_271' title='bbox 760 3434 927 3515; x_wconf 78' lang='lat' dir='ltr'><strong>parentis“;</strong></span> <span class='ocrx_word' id='word_1_272' title='bbox 955 3435 1086 3496; x_wconf 90' lang='lat' dir='ltr'><strong>cundem</strong></span> <span class='ocrx_word' id='word_1_273' title='bbox 1108 3431 1221 3495; x_wconf 88' lang='lat' dir='ltr'><strong>scilieet</strong></span> <span class='ocrx_word' id='word_1_274' title='bbox 1242 3431 1355 3514; x_wconf 86' lang='lat' dir='ltr'><strong>piscem</strong></span> 
     </span>
     <span class='ocr_line' id='line_1_33' title="bbox 208 3531 1357 3617; baseline -0.002 -21"><span class='ocrx_word' id='word_1_275' title='bbox 208 3536 306 3617; x_wconf 90' lang='lat' dir='ltr'><strong>proles</strong></span> <span class='ocrx_word' id='word_1_276' title='bbox 328 3542 359 3596; x_wconf 92' lang='lat' dir='ltr'><strong>et</strong></span> <span class='ocrx_word' id='word_1_277' title='bbox 381 3543 506 3596; x_wconf 88' lang='lat' dir='ltr'><strong>matrem</strong></span> <span class='ocrx_word' id='word_1_278' title='bbox 528 3540 558 3594; x_wconf 92' lang='lat' dir='ltr'><strong>et</strong></span> <span class='ocrx_word' id='word_1_279' title='bbox 572 3540 685 3613; x_wconf 88' lang='lat' dir='ltr'><strong>patrem</strong></span> <span class='ocrx_word' id='word_1_280' title='bbox 702 3531 838 3594; x_wconf 84' lang='lat' dir='ltr'><strong>habebat</strong></span> <span class='ocrx_word' id='word_1_281' title='bbox 873 3531 970 3613; x_wconf 82' lang='lat' dir='ltr'><strong>Atque</strong></span> <span class='ocrx_word' id='word_1_282' title='bbox 992 3531 1288 3594; x_wconf 80' lang='lat' dir='ltr'><strong>animaduertendum</strong></span> <span class='ocrx_word' id='word_1_283' title='bbox 1309 3538 1357 3594; x_wconf 87' lang='lat' dir='ltr'><strong>est</strong></span> 
     </span>
     <span class='ocr_line' id='line_1_34' title="bbox 208 3629 1355 3712; baseline 0 -17"><span class='ocrx_word' id='word_1_284' title='bbox 208 3651 334 3695; x_wconf 89' lang='lat' dir='ltr'><strong>novasse</strong></span> <span class='ocrx_word' id='word_1_285' title='bbox 355 3632 447 3693; x_wconf 84' lang='lat' dir='ltr'><strong>rideri</strong></span> <span class='ocrx_word' id='word_1_286' title='bbox 469 3630 525 3692; x_wconf 91' lang='lat' dir='ltr'><strong>hoc</strong></span> <span class='ocrx_word' id='word_1_287' title='bbox 547 3648 667 3711; x_wconf 89' lang='lat' dir='ltr'><strong>quoque</strong></span> <span class='ocrx_word' id='word_1_288' title='bbox 689 3630 879 3712; x_wconf 88' lang='lat' dir='ltr'><strong>scriptorem,</strong></span> <span class='ocrx_word' id='word_1_289' title='bbox 903 3638 935 3693; x_wconf 88' lang='lat' dir='ltr'><strong>ut</strong></span> <span class='ocrx_word' id='word_1_290' title='bbox 958 3629 1043 3693; x_wconf 85' lang='lat' dir='ltr'><strong>Ovidi</strong></span> <span class='ocrx_word' id='word_1_291' title='bbox 1065 3630 1136 3694; x_wconf 89' lang='lat' dir='ltr'><strong>illud</strong></span> <span class='ocrx_word' id='word_1_292' title='bbox 1158 3641 1276 3712; x_wconf 69' lang='lat' dir='ltr'><strong>uterque</strong></span> <span class='ocrx_word' id='word_1_293' title='bbox 1298 3649 1355 3711; x_wconf 79' lang='lat' dir='ltr'><strong>pu·</strong></span> 
     </span>
     <span class='ocr_line' id='line_1_35' title="bbox 207 3728 1355 3811; baseline -0.004 -16"><span class='ocrx_word' id='word_1_294' title='bbox 207 3750 275 3795; x_wconf 81' lang='lat' dir='ltr'><strong>reos</strong></span> <span class='ocrx_word' id='word_1_295' title='bbox 289 3731 380 3811; x_wconf 85' lang='lat' dir='ltr'><strong>(Fast.</strong></span> <span class='ocrx_word' id='word_1_296' title='bbox 396 3730 420 3791; x_wconf 89' lang='lat' dir='ltr'>V</span> <span class='ocrx_word' id='word_1_297' title='bbox 438 3728 510 3806; x_wconf 89' lang='grc'>181)</span> <span class='ocrx_word' id='word_1_298' title='bbox 525 3729 559 3791; x_wconf 90' lang='lat' dir='ltr'><strong>in</strong></span> <span class='ocrx_word' id='word_1_299' title='bbox 569 3735 721 3808; x_wconf 75' lang='lat' dir='ltr'><strong>putealem</strong></span> <span class='ocrx_word' id='word_1_300' title='bbox 733 3731 879 3808; x_wconf 76' lang='lat' dir='ltr'><strong>geminum</strong></span> <span class='ocrx_word' id='word_1_301' title='bbox 892 3736 1088 3805; x_wconf 83' lang='lat' dir='ltr'><strong>converteret,</strong></span> <span class='ocrx_word' id='word_1_302' title='bbox 1109 3748 1237 3811; x_wconf 88' lang='lat' dir='ltr'><strong>quocum</strong></span> <span class='ocrx_word' id='word_1_303' title='bbox 1254 3738 1355 3793; x_wconf 90' lang='lat' dir='ltr'><strong>tamen</strong></span> 
     </span>
     <span class='ocr_line' id='line_1_36' title="bbox 208 3826 1404 3910; baseline 0.003 -19"><span class='ocrx_word' id='word_1_304' title='bbox 208 3828 422 3892; x_wconf 84' lang='lat' dir='ltr'><strong>conferendum</strong></span> <span class='ocrx_word' id='word_1_305' title='bbox 437 3828 544 3890; x_wconf 83' lang='lat' dir='ltr'><strong>iterum</strong></span> <span class='ocrx_word' id='word_1_306' title='bbox 561 3833 608 3888; x_wconf 89' lang='lat' dir='ltr'><strong>est</strong></span> <span class='ocrx_word' id='word_1_307' title='bbox 622 3826 793 3905; x_wconf 89' lang='lat' dir='ltr'><strong>poemation</strong></span> <span class='ocrx_word' id='word_1_308' title='bbox 813 3826 885 3888; x_wconf 88' lang='lat' dir='ltr'><strong>illud</strong></span> <span class='ocrx_word' id='word_1_309' title='bbox 900 3828 937 3890; x_wconf 87' lang='lat' dir='ltr'><strong>de</strong></span> <span class='ocrx_word' id='word_1_310' title='bbox 952 3828 1041 3910; x_wconf 91' lang='lat' dir='ltr'><strong>Sepia</strong></span> <span class='ocrx_word' id='word_1_311' title='bbox 1059 3829 1152 3908; x_wconf 74' lang='grc'>(0.1..</span> <span class='ocrx_word' id='word_1_312' title='bbox 1168 3829 1256 3892; x_wconf 86' lang='lat' dir='ltr'><strong>Riese</strong></span> <span class='ocrx_word' id='word_1_313' title='bbox 1273 3827 1355 3904; x_wconf 82' lang='grc'>107),</span> <span class='ocrx_word' id='word_1_314' title='bbox 1399 3885 1404 3894; x_wconf 92' lang='grc'>.</span> 
     </span>
     <span class='ocr_line' id='line_1_37' title="bbox 208 3925 1356 4006; baseline 0 -18"><span class='ocrx_word' id='word_1_315' title='bbox 208 3928 241 3989; x_wconf 84' lang='grc'><strong>10</strong></span> <span class='ocrx_word' id='word_1_316' title='bbox 264 3947 320 4006; x_wconf 92' lang='lat' dir='ltr'><strong>quo</strong></span> <span class='ocrx_word' id='word_1_317' title='bbox 343 3926 452 3989; x_wconf 90' lang='lat' dir='ltr'><strong>animal</strong></span> <span class='ocrx_word' id='word_1_318' title='bbox 472 3927 595 4006; x_wconf 78' lang='lat' dir='ltr'><strong>feminco</strong></span> <span class='ocrx_word' id='word_1_319' title='bbox 622 3929 736 3988; x_wconf 76' lang='lat' dir='ltr'><strong>unnim</strong></span> <span class='ocrx_word' id='word_1_320' title='bbox 763 3929 908 4006; x_wconf 73' lang='lat' dir='ltr'><strong>gemitum</strong></span> <span class='ocrx_word' id='word_1_321' title='bbox 936 3945 1037 3991; x_wconf 79' lang='lat' dir='ltr'><strong>secum</strong></span> <span class='ocrx_word' id='word_1_322' title='bbox 1063 3926 1218 4006; x_wconf 81' lang='lat' dir='ltr'><strong>designare</strong></span> <span class='ocrx_word' id='word_1_323' title='bbox 1247 3925 1356 3988; x_wconf 89' lang='lat' dir='ltr'><strong>dicitur</strong></span> 
     </span>
     <span class='ocr_line' id='line_1_38' title="bbox 208 4024 1354 4106; baseline -0.002 -20"><span class='ocrx_word' id='word_1_324' title='bbox 208 4024 391 4104; x_wconf 85' lang='lat' dir='ltr'><strong>(ignorabilia</strong></span> <span class='ocrx_word' id='word_1_325' title='bbox 414 4025 467 4104; x_wconf 91' lang='lat' dir='ltr'><strong>qui</strong></span> <span class='ocrx_word' id='word_1_326' title='bbox 488 4024 591 4088; x_wconf 89' lang='lat' dir='ltr'><strong>rimari</strong></span> <span class='ocrx_word' id='word_1_327' title='bbox 618 4032 720 4086; x_wconf 90' lang='lat' dir='ltr'><strong>amant</strong></span> <span class='ocrx_word' id='word_1_328' title='bbox 741 4025 823 4089; x_wconf 90' lang='lat' dir='ltr'><strong>hunc</strong></span> <span class='ocrx_word' id='word_1_329' title='bbox 855 4026 962 4088; x_wconf 86' lang='lat' dir='ltr'><strong>nostri¹</strong></span> <span class='ocrx_word' id='word_1_330' title='bbox 982 4025 1141 4106; x_wconf 76' lang='lat' dir='ltr'><strong>fragmenti</strong></span> <span class='ocrx_word' id='word_1_331' title='bbox 1172 4024 1354 4087; x_wconf 87' lang='lat' dir='ltr'><strong>imitatorem</strong></span> 
     </span>
     <span class='ocr_line' id='line_1_39' title="bbox 207 4122 1355 4205; baseline -0.001 -21"><span class='ocrx_word' id='word_1_332' title='bbox 207 4142 275 4185; x_wconf 91' lang='grc'>0000</span> <span class='ocrx_word' id='word_1_333' title='bbox 297 4122 471 4199; x_wconf 86' lang='lat' dir='ltr'><strong>coniciant);</strong></span> <span class='ocrx_word' id='word_1_334' title='bbox 493 4142 600 4205; x_wconf 89' lang='lat' dir='ltr'><strong>parum</strong></span> <span class='ocrx_word' id='word_1_335' title='bbox 622 4131 702 4186; x_wconf 91' lang='lat' dir='ltr'><strong>certe</strong></span> <span class='ocrx_word' id='word_1_336' title='bbox 716 4122 857 4201; x_wconf 80' lang='lat' dir='ltr'><strong>feliciter3</strong></span> <span class='ocrx_word' id='word_1_337' title='bbox 878 4141 948 4186; x_wconf 90' lang='lat' dir='ltr'><strong>nam</strong></span> <span class='ocrx_word' id='word_1_338' title='bbox 962 4125 1115 4204; x_wconf 88' lang='lat' dir='ltr'><strong>geminum</strong></span> <span class='ocrx_word' id='word_1_339' title='bbox 1129 4122 1274 4202; x_wconf 78' lang='lat' dir='ltr'><strong>singulari</strong></span> <span class='ocrx_word' id='word_1_340' title='bbox 1296 4140 1355 4183; x_wconf 93' lang='lat' dir='ltr'><strong>nu-</strong></span> 
     </span>
     <span class='ocr_line' id='line_1_40' title="bbox 206 4219 1356 4303; baseline -0.002 -21"><span class='ocrx_word' id='word_1_341' title='bbox 206 4239 290 4282; x_wconf 90' lang='lat' dir='ltr'><strong>mero</strong></span> <span class='ocrx_word' id='word_1_342' title='bbox 312 4221 342 4283; x_wconf 85' lang='lat' dir='ltr'><strong>id</strong></span> <span class='ocrx_word' id='word_1_343' title='bbox 364 4230 486 4285; x_wconf 85' lang='lat' dir='ltr'><strong>vocatur</strong></span> <span class='ocrx_word' id='word_1_344' title='bbox 507 4230 611 4303; x_wconf 83' lang='lat' dir='ltr'><strong>poetae</strong></span> <span class='ocrx_word' id='word_1_345' title='bbox 638 4223 719 4303; x_wconf 91' lang='lat' dir='ltr'><strong>quod</strong></span> <span class='ocrx_word' id='word_1_346' title='bbox 747 4223 820 4286; x_wconf 89' lang='lat' dir='ltr'><strong>duas</strong></span> <span class='ocrx_word' id='word_1_347' title='bbox 847 4239 895 4285; x_wconf 87' lang='lat' dir='ltr'><strong>res</strong></span> <span class='ocrx_word' id='word_1_348' title='bbox 926 4221 1160 4303; x_wconf 89' lang='lat' dir='ltr'><strong>comprehendat</strong></span> <span class='ocrx_word' id='word_1_349' title='bbox 1185 4219 1298 4282; x_wconf 89' lang='lat' dir='ltr'><strong>similes</strong></span> <span class='ocrx_word' id='word_1_350' title='bbox 1326 4227 1356 4281; x_wconf 92' lang='lat' dir='ltr'><strong>et</strong></span> 
     </span>
     <span class='ocr_line' id='line_1_41' title="bbox 115 4318 1356 4409; baseline -0.001 -28"><span class='ocrx_word' id='word_1_351' title='bbox 115 4401 118 4409; x_wconf 24' lang='grc' dir='ltr'>Ι</span> <span class='ocrx_word' id='word_1_352' title='bbox 205 4320 284 4381; x_wconf 92' lang='lat' dir='ltr'><strong>inter</strong></span> <span class='ocrx_word' id='word_1_353' title='bbox 304 4339 337 4382; x_wconf 89' lang='lat' dir='ltr'><strong>se</strong></span> <span class='ocrx_word' id='word_1_354' title='bbox 358 4321 589 4401; x_wconf 86' lang='lat' dir='ltr'><strong>respondentes:</strong></span> <span class='ocrx_word' id='word_1_355' title='bbox 612 4322 757 4402; x_wconf 90' lang='lat' dir='ltr'><strong>geminus.</strong></span> <span class='ocrx_word' id='word_1_356' title='bbox 770 4340 834 4403; x_wconf 87' lang='lat' dir='ltr'><strong>pes,</strong></span> <span class='ocrx_word' id='word_1_357' title='bbox 857 4322 1009 4400; x_wconf 88' lang='lat' dir='ltr'><strong>geminum</strong></span> <span class='ocrx_word' id='word_1_358' title='bbox 1026 4336 1129 4394; x_wconf 88' lang='lat' dir='ltr'><strong>cornu,</strong></span> <span class='ocrx_word' id='word_1_359' title='bbox 1150 4318 1271 4398; x_wconf 81' lang='lat' dir='ltr'><strong>gemina</strong></span> <span class='ocrx_word' id='word_1_360' title='bbox 1290 4336 1356 4381; x_wconf 90' lang='lat' dir='ltr'><strong>ma-</strong></span> 
     </span>
     <span class='ocr_line' id='line_1_42' title="bbox 206 4417 1354 4502; baseline -0.001 -22"><span class='ocrx_word' id='word_1_361' title='bbox 206 4436 273 4494; x_wconf 92' lang='lat' dir='ltr'><strong>nus,</strong></span> <span class='ocrx_word' id='word_1_362' title='bbox 294 4419 366 4482; x_wconf 88' lang='lat' dir='ltr'><strong>item</strong></span> <span class='ocrx_word' id='word_1_363' title='bbox 390 4421 507 4500; x_wconf 89' lang='lat' dir='ltr'><strong>egregie</strong></span> <span class='ocrx_word' id='word_1_364' title='bbox 528 4422 565 4482; x_wconf 88' lang='lat' dir='ltr'><strong>ad</strong></span> <span class='ocrx_word' id='word_1_365' title='bbox 587 4420 659 4483; x_wconf 88' lang='lat' dir='ltr'><strong>litus</strong></span> <span class='ocrx_word' id='word_1_366' title='bbox 681 4420 843 4502; x_wconf 87' lang='lat' dir='ltr'><strong>adplicatur</strong></span> <span class='ocrx_word' id='word_1_367' title='bbox 857 4419 925 4482; x_wconf 87' lang='lat' dir='ltr'><strong>llet.</strong></span> <span class='ocrx_word' id='word_1_368' title='bbox 940 4419 1004 4481; x_wconf 82' lang='lat' dir='ltr'><strong>xlv</strong></span> <span class='ocrx_word' id='word_1_369' title='bbox 1019 4417 1049 4493; x_wconf 86' lang='grc'><strong>6,</strong></span> <span class='ocrx_word' id='word_1_370' title='bbox 1071 4419 1117 4480; x_wconf 89' lang='lat' dir='ltr'><strong>vel</strong></span> <span class='ocrx_word' id='word_1_371' title='bbox 1139 4417 1176 4479; x_wconf 88' lang='lat' dir='ltr'><strong>ad</strong></span> <span class='ocrx_word' id='word_1_372' title='bbox 1198 4435 1281 4481; x_wconf 87' lang='lat' dir='ltr'><strong>mare</strong></span> <span class='ocrx_word' id='word_1_373' title='bbox 1297 4417 1354 4480; x_wconf 91' lang='lat' dir='ltr'><strong>du·</strong></span> 
     </span>
    </p>
   </div>
   <div class='ocr_carea' id='block_1_3' title="bbox 0 0 1486 5010">
    <p class='ocr_par' dir='ltr' id='par_1_8' title="bbox 0 0 1486 5010">
     <span class='ocr_line' id='line_1_43' title="bbox 0 0 1486 5010; baseline 0 2"><span class='ocrx_word' id='word_1_374' title='bbox 0 0 1486 5010; x_wconf 95' lang='lat' dir='ltr'><strong> </strong></span> 
     </span>
    </p>
   </div>
  </div>
 </body>
</html>
