2962 5010
621 272 860 334 -116—

172 449 234 520 Qua
269 464 411 527 pecorum
440 445 635 508 similitudine
668 447 737 508 inde
762 446 799 508 ab
821 446 978 508 Aristotele
1000 447 1131 527 antiquis
1157 446 1319 511 notissima

171 545 244 626 pisci
278 545 365 607 etiam
394 563 503 607 nomen
526 542 632 628 μήρυξ
653 545 697 607 vel
719 542 822 627 βήρυξ
841 545 973 607 invaluit.
1019 547 1194 626 Sequuntur
1216 554 1317 608 autem

170 662 270 723 regem
294 644 463 723 aquaticum
486 643 505 705 ii
529 643 687 724 dequibus
702 645 795 705 valeat
817 643 887 704 illud
911 643 993 715 „Nos
1009 662 1156 706 numerus
1176 649 1316 718 sumus‘f,

171 742 382 822 fecundumque
398 760 487 828 penus
503 760 620 804 maenae
638 743 810 822 lamirosque
827 746 984 822 smurtsque
999 762 1024 804 v.
1044 743 1121 819 1203
1148 752 1237 823 atque
1260 742 1317 804 sub

170 840 269 902 herbis
291 839 486 902 viridantibus
520 848 549 902 ct
572 858 734 903 maenam
759 849 788 903 et
809 841 950 902 smarin
973 841 1105 904 hahitare
1127 860 1162 903 ex
1186 841 1316 921 Oppiani

170 959 196 999 v.
215 938 275 1000 108
291 946 377 1001 antea
393 938 599 1020 probavimus3
620 950 685 1000 arte
700 939 838 1020 componi
854 946 952 1001 autem
968 959 1033 1001 eam
1049 947 1172 1020 propter
1195 958 1314 1003 causam

169 1039 242 1099 haec
256 1038 315 1099 duo
332 1037 452 1099 nomina
469 1037 613 1111 adsolent,
635 1039 703 1118 quia
727 1055 799 1099 num
815 1039 893 1100 forte
909 1040 956 1100 hie
971 1058 1050 1100 unus
1073 1047 1103 1101 et
1124 1037 1204 1099 idem
1227 1037 1316 1116 piscis

169 1143 248 1197 esset
281 1135 471 1198 dubitabatur
504 1134 713 1216 (Speusippus
746 1137 824 1216 apud
858 1137 963 1198 Athen.
985 1156 1015 1217 p.
1037 1136 1147 1209 313h,
1180 1135 1314 1197 indidem

170 1234 330 1315 Hesychius
363 1244 452 1315 atque
485 1235 576 1296 schol.
605 1236 679 1315 Opp.
708 1235 770 1296 llal.
787 1235 825 1296 lll
845 1234 926 1315 188).
976 1235 1151 1298 Fecundum
1186 1234 1315 1313 denique

170 1333 245 1394 sicut
269 1332 394 1413 piscium
418 1352 513 1413 genus
536 1332 594 1395 diei
616 1333 679 1395 fere
701 1352 795 1394 unum
819 1334 960 1413 quodque
982 1342 1116 1414 poterat,
1146 1333 1188 1393 ita
1210 1341 1313 1395 tamen

170 1431 321 1511 aptissime
343 1432 475 1512 pisciculi
505 1432 554 1493 isti
585 1430 696 1511 ubique
719 1450 840 1512 semper
862 1433 1033 1494 catervatim
1058 1440 1205 1511 vagantes.
1232 1431 1312 1492 lam

168 1544 238 1592 vero
272 1530 359 1592 etiarn
395 1529 546 1592 lamiros
578 1530 764 1592 rarissimum
794 1548 903 1592 nornen
932 1540 1021 1611 atque
1050 1531 1094 1590 vix
1122 1530 1172 1592 ulli
1195 1537 1316 1609 praeter

170 1629 225 1690 bos
258 1614 360 1709 poetas
394 1627 572 1690 celebratum
605 1637 637 1690 et
675 1629 738 1708 ipse
782 1629 816 1690 ad
850 1646 956 1690 arenas
997 1629 1147 1709 pertinere
1186 1646 1315 1708 esseque

169 1727 273 1788 similis
296 1744 450 1788 menarum
472 1726 632 1805 pisciculus
665 1727 694 1788 in
718 1727 772 1788 alia
794 1726 861 1789 libri
887 1727 975 1788 huius
997 1735 1081 1807 parte
1102 1747 1131 1807 p.
1150 1727 1208 1788 177
1232 1727 1315 1789 dice·

169 1835 233 1898 tur3
260 1844 342 1887 nunc
364 1826 398 1886 ad
421 1843 485 1886 rem
509 1824 719 1886 observandam
741 1824 921 1886 declinemus
942 1826 1173 1905 permaneam.
1216 1825 1316 1905 Atque

168 1923 299 2002 primum
323 1919 453 2002 dompnus
475 1922 620 2003 scriptura
643 1922 796 1983 socordiae
817 1922 940 1985 Gesneri
969 1922 1109 1998 debeturr
1142 1932 1243 1985 tamen
1266 1923 1313 2002 ip-

169 2022 231 2082 sius
262 2031 367 2102 poetae
390 2029 490 2084 mente
519 2021 682 2083 inhaesisse
704 2038 776 2082 sane
798 2039 905 2082 sonum
929 2021 1043 2084 conicio
1069 2022 1216 2085 clausulae
1241 2022 1315 2083 ller-

168 2119 293 2197 gilianae
325 2120 414 2181 huius
449 2138 523 2200 quae
557 2118 620 2199 ipsa
643 2137 761 2199 quoque
783 2119 814 2179 in
838 2120 993 2182 nominum
1018 2120 1243 2183 enumeratione
1264 2120 1313 2181 io-

168 2218 295 2280 texitur:
320 2237 370 2279 nec
391 2236 450 2279 reon
470 2217 680 2298 Lamyrumque
700 2217 884 2298 anrrmque.
928 2218 1001 2280 Inde
1024 2219 1102 2280 enim
1126 2219 1314 2298 aliquatenus

168 2316 330 2396 explicasse
353 2317 463 2390 videor,
491 2334 545 2378 cur
574 2317 692 2378 brevem
721 2317 851 2378 scribere
873 2326 960 2397 poeta
983 2317 1062 2379 vocis
1085 2317 1202 2381 lominus
1224 2317 1313 2397 sylla-

167 2413 234 2476 bam
269 2415 395 2496 primam
430 2432 521 2478 ausus
554 2415 607 2489 sit;
641 2423 722 2477 certe
757 2422 787 2477 et
808 2411 943 2497 deiparae
972 2424 1002 2478 et
1025 2411 1164 2498 λάριμος
1194 2415 1312 2494 longam

168 2512 312 2587 servabat
345 2520 434 2594 atque
467 2532 501 2576 ex
535 2508 674 2596 λάριμος
701 2523 799 2575 ortum
822 2511 962 2596 λάμιρος
989 2515 1092 2576 eadem
1120 2514 1236 2576 ratione
1269 2521 1315 2575 est

167 2631 225 2693 qua
240 2634 242 2641 ¹
259 2605 370 2674 Orolon
402 2631 457 2692 pro
490 2612 581 2674 Oloro
615 2610 759 2672 vocabant
792 2620 822 2673 et
850 2613 1036 2693 Menalippen
1062 2631 1116 2693 pro
1144 2612 1310 2692 Melanippe

168 2703 394 2790 atque'Ovidius
416 2711 487 2790 ipsc,
510 2719 543 2772 ut
558 2711 684 2789 videtur,
707 2709 813 2771 bletv
832 2709 891 2772 128
915 2710 1078 2772 blenaleum
1095 2729 1149 2792 pro
1164 2709 1313 2773 Melaneo.
1394 2763 1397 2767 ,

166 2809 272 2888 Atque
287 2808 391 2870 vellem
413 2808 573 2870 Halieutiea
607 2809 662 2869 istu
697 2808 818 2886 legisset
850 2809 901 2889 qui
935 2808 1068 2871 inversae
1097 2808 1306 2871 vocabulorum

165 2908 388 2988 peregrinorum
412 2907 586 2987 quantitatis
622 2927 656 2968 ac
682 2925 839 2969 mensurae
865 2908 996 2988 exempla
1031 2909 1243 2987 circumspecto
1280 2907 1313 2968 in

168 3005 333 3067 christianis
356 3007 482 3068 maxime
504 3006 598 3087 poetis
620 3005 720 3066 latinis
742 3006 928 3069 observantia
962 3006 1147 3087 conquisivit
1170 3007 1203 3067 L.
1218 3005 1313 3067 Muel-

166 3104 261 3166 lerum
277 3103 343 3164 dico
358 3104 394 3165 de
408 3121 441 3166 re
456 3113 543 3166 metr.
558 3124 588 3183 p.
606 3102 668 3166 352
680 3121 744 3184 sqq.
782 3105 854 3166 Nam
878 3105 955 3166 sicut
969 3123 1086 3167 summa
1101 3121 1172 3166 sane
1193 3104 1311 3167 licentia

166 3190 272 3281 poetae
285 3201 449 3266 utebantur
463 3222 530 3266 cum
546 3203 636 3264 modo
647 3201 762 3263 Mocido
778 3202 866 3263 modo
879 3201 1056 3274 Moce‘dom'u,
1073 3202 1163 3264 modo
1173 3199 1312 3265 Sicelides

166 3298 282 3381 italiam
298 3318 400 3399 Apsilia
415 3320 504 3382 modo
519 3301 741 3381 ermembertus
756 3316 865 3400 Apriles
880 3319 1028 3393 efferrent,
1051 3316 1180 3398 scriptor
1188 3316 1311 3378 Halieu-

166 3415 293 3477 ticorurn
310 3416 496 3496 chrysophrys
512 3417 542 3478 in
567 3435 653 3479 versu
669 3434 782 3496 ponere
804 3417 859 3478 sibi
882 3418 1029 3479 concessit
1045 3417 1187 3498 producta
1203 3415 1311 3495 syllaba

166 3513 277 3584 ultima,
290 3531 357 3575 eum
371 3514 596 3576 tamenGraeeis
607 3515 744 3603 omnibus
753 3515 1205 3597 dactylushicpronuntiaretur3
1218 3533 1309 3594 quae-

165 3630 223 3692 que
244 3612 276 3674 in
299 3631 371 3674 voce
392 3613 517 3693 simplici
539 3607 643 3697 ὀφρύς
665 3613 747 3692 langa
771 3621 817 3675 est
832 3634 851 3676 u
867 3613 991 3676 breviari
1004 3632 1067 3676 eam
1083 3615 1114 3676 in
1137 3613 1310 3694 compositis

165 3709 230 3790 lege
245 3720 379 3772 sanetum
396 3721 499 3792 postea
515 3712 551 3773 ab
567 3711 733 3774 Herodiano
749 3719 807 3788 est3
829 3720 858 3774 at
882 3713 959 3775 enim
975 3712 1044 3793 quia
1059 3713 1155 3776 linitio
1176 3731 1212 3791 ys
1233 3713 1310 3792 apud

165 3807 285 3884 Latinos
297 3804 419 3891 prorsus
429 3809 646 3890 inexpectatum
663 3810 794 3874 eveniret
806 3812 829 3873 si
842 3798 1058 3886 extenderetur,
1071 3811 1163 3873 satius
1175 3811 1231 3873 erit
1241 3828 1309 3872 cae-

165 3926 250 3970 surae
266 3907 324 3968 vim
341 3907 491 3971 criminari
502 3909 736 3984 semiternariae‚
759 3909 842 3973 cuius
857 3909 939 3997 hiatu
955 3910 1083 3972 clausula
1099 3910 1226 3972 membri
1242 3926 1309 3970 me-

164 4005 230 4068 trici
246 4006 323 4087 quod
340 4008 488 4069 antecedit
501 4009 541 4070 ita
559 4009 703 4089 excipitur
718 4009 802 4089 quasi
816 4009 924 4088 syllaba
939 4024 1047 4089 anceps
1062 4009 1110 4070 sit.
1136 4007 1212 4082 Quid
1229 4008 1310 4087 quod

165 4122 189 4165 v.
210 4104 264 4166 101
281 4106 423 4187 pompeius
435 4106 567 4188 dactylus
580 4104 760 4170 Graecorum
776 4104 928 4169 scanditur
939 4126 993 4187 pro
1005 4104 1141 4168 bacchio!
1165 4105 1261 4185 Atque
1276 4105 1307 4166 in

164 4202 221 4264 hoc
236 4203 355 4284 quidem
372 4206 506 4287 exemplo
522 4205 589 4286 quis
605 4224 666 4267 non
683 4204 740 4266 vim
756 4213 897 4284 agnoscet
911 4210 1051 4266 accentus
1066 4204 1162 4283 graeci
1174 4239 1215 4251 -
1231 4204 1310 4266 aeci-

165 4301 275 4362 nebant
290 4302 399 4363 seilicet
417 4301 643 4386 πομπίλος-
659 4322 715 4382 qua
732 4305 834 4365 eadem
853 4305 878 4364 vi
896 4313 925 4364 et
940 4300 1087 4386 Βηλίδης
1107 4320 1162 4383 pro
1177 4305 1309 4364 molosso

163 4407 269 4477 poetae
289 4396 647 4479 accipere'invitabantur
673 4409 702 4462 et
721 4399 952 4484 Λυκουργὶδης
972 4420 1025 4482 pro
1041 4402 1307 4482 proceleusmatico

165 4495 265 4573 ruvini
277 4496 318 4558 lb.
336 4497 425 4576 501);
445 4497 578 4579 falsoque
592 4499 660 4559 ideo
676 4499 795 4579 scripsit
809 4499 967 4562 Muellerus
982 4519 1011 4581 p.
1029 4500 1091 4562 356
1105 4499 1307 4562 inversionem
