2962 5010
623 299 841 364 ..gg-

165 488 253 559 atque
288 477 376 541 etiam
410 497 446 539 ex
473 476 629 557 Propertio
657 477 733 538 infra
761 477 867 539 similia
895 477 1071 539 adferamus.
1122 478 1207 551 Quod
1237 499 1304 542 vero

165 576 288 640 Ovidius
316 576 434 657 scripsit
456 576 525 638 Met.
541 575 604 637 Vlll
620 575 697 638 385:
728 575 844 639 Primus
869 576 971 638 vidisse
990 586 1110 656 putetur
1138 579 1175 639 Et
1193 583 1306 658 primus

164 679 247 738 sociis
267 679 360 739 111111
382 675 532 739 decumo
552 692 695 751 cruorem,
719 675 755 736 ab
770 675 816 736 his
839 685 863 736 ct
885 693 946 736 nou
962 675 1045 737 facile
1062 676 1164 738 abesse
1180 685 1306 756 poterat,

165 774 277 856 quippe
309 793 377 836 cum
404 781 490 855 poeta
518 773 574 835 hae
602 774 728 836 maxime
755 774 903 835 sermonis
930 775 1025 835 forma
1054 775 1110 836 sibi
1141 776 1307 854 gratissima

165 881 316 937 uteretur:
340 879 481 953 „putatur
503 870 643 935 vidisse
667 882 700 936 et
722 872 841 936 visum
866 872 1060 943 ostendisse“,
1083 874 1225 953 adquam
1244 879 1308 954 pri-

165 992 233 1035 mus
254 971 299 1035 bis
321 972 451 1053 positum
475 989 538 1034 non
560 971 618 1033 nisi
633 973 764 1034 accessit.
803 971 924 1033 Solutus
947 979 1046 1033 autem
1063 973 1230 1052 anaphoras
1244 973 1308 1051 lege

166 1069 207 1135 ibi
229 1077 316 1152 poeta
336 1079 407 1145 erat,
430 1070 480 1132 ubi
501 1078 599 1133 toturn
613 1071 817 1150 complebatur
833 1070 978 1131 distichon
1001 1077 1030 1131 et
1053 1070 1111 1132 duo
1134 1077 1197 1132 tota
1213 1089 1309 1133 enun-

167 1171 240 1234 tiata
263 1167 529 1248 emungebantur,
552 1169 641 1231 veluti
653 1169 835 1255 ¹Propertius
849 1170 889 1230 lll
907 1170 955 1243 10,
973 1170 1047 1248 lsq:

268 1283 324 1345 Sed
346 1289 490 1362 tempus
511 1283 640 1344 lustrare
662 1282 724 1343 aliis
747 1280 887 1342 Helicona
910 1281 1033 1355 choreis,

311 1381 356 1442 Et
377 1400 514 1461 eampum
535 1380 672 1467 Emathio
695 1380 847 1442 ismdare
869 1388 1016 1461 tempus
1040 1400 1128 1460 equo.

169 1498 206 1560 ef.
243 1496 328 1558 Ovidi
366 1497 466 1559 11111.
493 1498 507 1558 Ι
535 1497 582 1571 15,
614 1496 654 1558 33
673 1516 717 1577 sq.
745 1506 774 1558 11
800 1496 829 1569 2,
859 1497 894 1558 ll
915 1515 975 1576 sq.;
1015 1497 1094 1559 Post
1121 1497 1157 1558 lV
1184 1496 1245 1558 763
1265 1517 1310 1577 sq.

169 1594 260 1658 Trist.
275 1596 299 1658 ll
316 1595 364 1670 12,
380 1597 421 1656 55
430 1615 491 1677 sq:

271 1720 414 1783 Cedant
429 1721 609 1784 carminibus
630 1739 715 1800 reges
736 1739 900 1802 regumque
923 1720 1075 1799 triumphi,

224 1856 227 1861 ·
314 1819 430 1882 Cedat
452 1829 487 1882 et
508 1820 629 1883 auriferi
650 1821 713 1900 ripa
735 1820 863 1900 benigna
886 1819 967 1898 Tagi.

270 1916 351 1979 Vidi
373 1936 427 1998 ego
448 1918 568 1982 iactatas
590 1926 670 1981 mota
692 1919 756 1981 face
778 1938 912 1982 erescere
934 1921 1067 1980 flammas

314 2016 359 2077 Et
380 2016 453 2078 vidi
474 2017 557 2079 nullo
579 2018 767 2080 concutiente
790 2019 875 2079 mori.

272 2114 351 2177 Pelle
371 2117 474 2195 procul
496 2117 633 2193 morbos3
655 2117 806 2178 valeant
828 2116 1024 2197 hominesque
1046 2134 1219 2196 gregesque,

314 2214 356 2275 Et
377 2215 531 2277 valeant
552 2214 663 2294 vigiles
686 2216 808 2294 provida
831 2214 929 2288 turba,
952 2234 1052 2278 canes.

274 2311 399 2374 Omnia
420 2312 572 2375 barbariae
594 2315 656 2376 loca
680 2322 750 2375 sunt
771 2315 911 2394 voeisque
933 2315 1045 2376 ferinae

315 2409 517 2490 Omniaque
539 2411 656 2474 hostilis
679 2412 766 2492 plena
790 2421 907 2475 tumore
929 2413 1005 2475 soni.

155 2497 249 2597 ¹ltem
271 2535 435 2616 Lygdamus
458 2537 494 2598 el.
510 2536 571 2603 31.
590 2539 626 2598 11
637 2556 696 2617 sq:

209 2711 214 2719 ,
275 2646 370 2710 1111
392 2667 509 2710 meum
530 2649 628 2711 veniat
649 2650 753 2728 longos
775 2649 925 2729 incompta
948 2648 1068 2729 capillos

316 2746 358 2808 Et
380 2747 448 2810 lleat
470 2756 554 2810 ante
575 2767 695 2811 meum
717 2757 832 2812 moesta
854 2749 964 2812 Neaera
985 2765 1100 2828 rogum.

175 2869 251 2934 Item
275 2871 411 2937 Lucanus
427 2872 465 2936 lll
481 2874 558 2937 319:

519 2985 711 3067 Nunquam
734 3004 783 3046 me
805 2984 946 3057 Caesaris,
968 2983 1075 3063 inquit,

277 3082 418 3163 Exemplo
438 3084 559 3145 reddam
581 3084 703 3164 patriae,
726 3102 987 3164 nunquamque
1009 3080 1119 3143 videbit

276 3178 401 3244 licoisi
425 3181 545 3244 dimisso
568 3183 744 3244 redeuntem
768 3181 859 3243 milite
880 3182 984 3243 Roma.

178 3303 311 3385 lienique
338 3307 502 3369 notandum
532 3314 578 3367 111
605 3307 641 3368 ad
669 3325 770 3369 vocem
799 3305 916 3367 fortiter
944 3303 991 3364 bis
1014 3302 1143 3384 positam
1169 3298 1318 3360 interdurn

180 3405 302 3467 eandem
329 3407 416 3468 tertio
444 3404 578 3468 membro
608 3406 703 3468 adseri
731 3403 865 3465 molliore
892 3403 994 3483 copula
1023 3401 1105 3462 hune
1137 3399 1168 3460 in
1197 3397 1319 3460 modum

180 3502 270 3577 (Fast.
282 3503 318 3565 Ν
332 3505 443 3586 17911.
459 3505 596 3586 148911.
612 3503 674 3566 181
686 3523 730 3585 sq.
747 3504 834 3583 Prop.
847 3503 860 3563 l
874 3501 921 3578 16,
938 3498 1029 3583 23sq.
1046 3500 1152 3563 Tibull.
1168 3497 1235 3571 115,
1251 3494 1317 3576 11):

279 3634 361 3707 Ter,
383 3634 456 3709 sine,
479 3644 623 3717 perpetuo
647 3635 761 3698 eaelum
784 3640 918 3695 versetur
940 3632 972 3694 in
994 3650 1054 3705 axe,

321 3734 390 3795 Ter
411 3734 514 3814 iungat
536 3735 623 3796 Titan
644 3740 776 3814 terque
797 3733 927 3795 resolvat
948 3748 1050 3810 equos.

280 3831 412 3895 Passus
434 3831 529 3894 idem
553 3841 599 3895 est
620 3832 716 3912 Tyriis
739 3831 790 3912 qui
813 3830 963 3911 quondam
985 3828 1089 3908 pulsus
1112 3824 1147 3888 ab
1171 3822 1254 3884 oris-

323 3930 450 3992 Cadmus
473 3930 505 3990 in
527 3930 621 3992 Aonia
643 3929 778 3992 constitit
800 3929 866 3990 exul
889 3928 991 3999 humo,

281 4027 416 4091 Passus
438 4029 536 4090 idem
557 4027 674 4108 Tydeus
697 4026 850 4088 elidem
872 4025 1035 4105 Pagasaeus
1058 4022 1155 4084 lason.

281 4124 401 4208 lamque
424 4127 508 4191 nori
530 4132 675 4207 praeeunt
696 4123 801 4195 fasces,
822 4140 916 4184 nova
938 4137 1069 4201 purpura
1092 4118 1184 4196 fulget

324 4225 370 4287 Et
391 4244 482 4289 nova
504 4223 696 4305 conspicuum
718 4220 850 4302 pondera
872 4219 964 4280 sentit
985 4216 1070 4278 ebur.

282 4322 334 4386 lle
355 4325 471 4389 mediae
493 4332 606 4394 noctes,
629 4341 683 4385 me
705 4319 803 4382 sidera
823 4335 918 4399 prona
940 4316 1098 4388 iacentem,

326 4422 519 4506 Frigidaque
540 4425 603 4487 Coo
624 4439 679 4484 me
701 4419 780 4483 dolet
801 4434 873 4482 aura
894 4416 970 4498 gelu.

237 4516 525 4574 nortmannicarum.
1151 4511 1167 4566 5
