2962 5010
578 317 798 382 -51..

117 491 251 572 quamvis
274 491 426 570 exquisita.
472 490 561 552 Cuius
588 491 621 552 in
649 493 762 566 locum,
791 511 859 554 cum
886 492 917 553 in
946 491 1031 554 libris
1060 511 1165 556 versus
1195 493 1258 558 fere

116 591 181 653 talis
206 597 379 669 appareret:

217 687 281 749 Otia
305 694 496 767 quaerentem
518 687 629 748 frustra
651 688 750 749 siblite
773 688 832 763 (vel
853 688 964 764 sublite)
987 689 1102 768 puellae

116 799 185 860 olim
209 799 328 878 quidem
351 799 427 860 dolia
449 799 604 861 sollemnia
626 800 730 862 suffeci
752 801 832 861 hunc
853 800 884 861 in
908 801 1046 862 modum:

216 897 296 959 llolia
320 905 496 977 quaerentes
518 890 627 959 frustra
650 899 797 978 supplere,
819 897 952 976 puellae3

115 1007 144 1068 id
168 1009 247 1088 quod
271 1007 334 1069 aliis
356 1007 482 1069 fortasse
504 1009 637 1070 locorum
660 1009 794 1081 aliorum,
818 1008 890 1068 milri
906 1008 1091 1099 Propertiani
1113 1009 1171 1070 loci
1193 1028 1259 1072 me-

116 1107 240 1168 moriam
263 1107 370 1168 excitat
391 1107 417 1166 ΙΙ
435 1109 462 1180 1,
479 1107 534 1167 67:
1246 1117 1248 1121 ·

215 1205 298 1267 Delia
321 1204 457 1282 virgineis
479 1205 558 1265 idem
581 1203 628 1266 ille
650 1204 807 1284 repleverit
830 1203 956 1278 umbris3

115 1315 245 1396 supplere
267 1315 346 1377 enim
371 1323 544 1394 usurpatum
560 1316 644 1395 quasi
658 1316 769 1396 replere
791 1315 906 1376 sitnon
923 1316 997 1377 male
1013 1317 1145 1396 proiecto
1169 1319 1261 1379 auda-

116 1414 176 1475 ciae
198 1414 328 1474 hominis
352 1415 503 1487 conventu
526 1415 576 1474 sed
600 1413 688 1475 etiam
704 1413 841 1476 similiter
856 1413 1055 1494 usmpabatur
1070 1415 1175 1478 Ovidio
1190 1416 1258 1478 Met.

116 1512 166 1572 Vll
181 1531 207 1573 v.
224 1512 295 1572 291.
340 1512 443 1592 Neque
465 1519 567 1574 tamen
589 1512 621 1573 in
644 1512 690 1574 his
713 1513 925 1598 conquiescere
953 1531 1006 1591 ego
1029 1513 1100 1574 satis
1122 1532 1261 1595 possum3

116 1611 237 1671 modulo
260 1611 340 1671 enim
363 1630 396 1672 ac
415 1611 490 1691 pede
505 1599 632 1690 quisque
655 1629 710 1672 sno
733 1611 820 1671 etiam
837 1598 991 1690 poetarum
1008 1613 1176 1673 metiendus
1200 1622 1261 1688 est;

115 1707 165 1769 isti
188 1709 258 1787 quid
285 1708 418 1770 versibus
447 1709 604 1788 iniungere
626 1708 769 1788 placuerit
798 1709 923 1770 doceant
953 1708 1021 1770 libri
1050 1711 1260 1791 manuscripti;

116 1805 246 1867 subitum
271 1807 351 1867 enim
374 1807 527 1885 ingenium
551 1825 566 1866 a
587 1806 711 1867 Tantalo
736 1814 765 1867 et
788 1807 912 1886 Sisypho
943 1807 977 1868 ad
1001 1807 1165 1886 puellarum
1194 1817 1261 1871 tur-

116 1902 184 1965 bam
200 1905 354 1967 temeraria
376 1912 406 1965 et
428 1923 589 1983 sanequam
612 1906 703 1967 ardua
726 1904 938 1966 exclamatione
960 1912 1133 1984 provectum
1149 1906 1188 1967 ita
1205 1896 1259 1987 po*¹

115 2002 174 2063 tius
196 2000 279 2062 video
304 2007 341 2076 (v.
359 2002 511 2082 239sqq.;
534 2004 726 2082 temptandus
751 2003 838 2064 simul
860 2003 917 2064 fuit
939 2022 965 2064 v.
982 2003 1072 2079 atet:

216 2127 341 2189 Terreor
362 2147 378 2188 a
400 2128 491 2189 tantis
514 2126 663 2202 insistere,
685 2135 811 2199 terreor,
834 2127 962 2188 umbris:

216 2226 259 2287 Ad
283 2225 398 2305 Stygias
420 2234 575 2287 revocatus
597 2245 698 2305 aquas,
721 2226 769 2287 vix
792 2225 923 2300 ultimus,
946 2225 1026 2287 amni

216 2324 326 2394 Exstat,
348 2330 499 2384 nectareas
523 2323 621 2384 divom
645 2325 696 2404 qui
716 2324 846 2404 prodidit
868 2343 959 2399 escas,

218 2421 353 2483 Gutturis
375 2422 469 2482 arenti
491 2421 644 2483 revolutus
666 2421 698 2482 in
721 2421 821 2484 omnia
843 2441 943 2483 sensu.

185 2538 189 2545 ·
218 2518 296 2591 Quin
319 2538 422 2580 saxum
446 2520 549 2599 procul
570 2520 695 2581 advorso
720 2520 770 2599 qni
795 2529 895 2580 monte
916 2520 1049 2594 revolvit,
1166 2598 1168 2603 A

218 2617 439 2696 Contempsisse
462 2618 529 2677 dolo
552 2636 641 2696 quem
665 2617 788 2679 numina
811 2618 1061 2704 vindicatorem,

217 2713 284 2775 Otia
307 2723 500 2794 quaerentem
523 2713 649 2776 frustral
696 2715 848 2795 Supplete,
870 2715 1002 2796 puellae!

216 2809 274 2872 ltel
299 2812 406 2892 quibus
429 2813 528 2874 taedas
552 2814 719 2874 accendens
741 2813 836 2875 tristis
859 2815 963 2895 Erinys

218 2909 301 2972 Sicut
323 2911 436 2990 Hymen
460 2915 527 2991 (pro
548 2911 620 2986 fata)
644 2912 724 2972 dedit
747 2911 875 2973 conubia
898 2913 1012 2974 mortis.

118 3039 250 3117 [lenique
272 3039 494 3101 subtilissimam
517 3040 593 3101 hanc
614 3038 646 3099 in
669 3039 770 3101 Culice
796 3038 923 3101 infracte
944 3040 1085 3120 loquendi
1107 3041 1260 3103 abstinen-

118 3138 187 3198 tiam
221 3139 340 3199 tandem
373 3138 399 3199 si
426 3138 471 3199 dis
497 3138 592 3217 placet
618 3145 802 3215 perspectam
830 3138 936 3216 Vergili
964 3140 1049 3218 pueri
1076 3140 1261 3219 temporibus

119 3235 268 3296 vindicare
291 3236 359 3315 quis
380 3233 523 3298 audebit?
1163 3286 1166 3291 .

203 3334 245 3394 lle
268 3335 483 3413 compositione
504 3332 649 3413 poematis
664 3333 721 3393 boc
734 3331 959 3395 submoneatur.
993 3335 1075 3408 Quae
1091 3335 1127 3395 de
1142 3343 1262 3415 pastore

119 3441 148 3492 et
170 3432 207 3492 de
223 3432 350 3492 dremne
372 3433 510 3510 leguntur
525 3430 708 3511 prompsisse
731 3430 787 3490 sibi
809 3431 987 3511 scriptorem
1006 3452 1042 3494 ex
1057 3433 1207 3511 Georgicis
1222 3433 1267 3494 ΙΙΙ·

119 3529 255 3608 417sqq.
278 3529 297 3589 l.
321 3530 340 3589 l.
364 3529 632 3591 demonstravimus
655 3528 705 3605 qui
727 3528 791 3607 ipse
813 3529 895 3590 color
915 3549 931 3591 a
955 3531 1082 3609 Vergilio
1104 3541 1262 3612 promptus

120 3646 155 3687 ex
177 3627 317 3688 Nicandri
339 3628 488 3688 'iberiacis
510 3627 567 3688 fuit
588 3647 615 3686 r.
633 3625 671 3687 21
681 3645 746 3706 sqq.
790 3627 833 3687 lta
855 3628 887 3689 in
909 3627 998 3689 Nucis
1021 3629 1111 3707 elegia
1135 3630 1262 3692 oratoria

119 3725 252 3802 largitate
279 3725 501 3803 profunduntur
530 3744 606 3805 quae
639 3725 671 3785 in
699 3742 788 3804 parco
817 3744 922 3804 graeco
952 3727 1070 3788 condita
1098 3717 1262 3788 cernuntur

120 3824 331 3903 epigrammate
353 3824 441 3884 Antia.
464 3824 522 3884 Pal
546 3823 586 3883 ΙΙΙ
610 3823 646 3898 3;
668 3823 708 3883 ita
731 3824 805 3885 Ciris
827 3833 915 3903 poeta
937 3824 1134 3903 Vergilianum
1154 3826 1261 3886 locum

118 3922 218 3982 thema
241 3919 327 3999 quasi
350 3938 416 3980 esse
437 3938 526 3981 suum
549 3921 627 3999 quod
650 3921 775 3999 explicet
796 3921 861 4000 ipso
884 3923 943 3983 line
966 3922 1103 3983 carminis
1126 3931 1261 3984 testatur.

120 4019 160 4079 Ea
187 4026 287 4080 autem
313 4035 361 4078 res
394 4016 539 4090 inaudita,
573 4017 609 4078 de
642 4017 742 4078 culicis
776 4035 861 4095 agere
888 4019 957 4080 fatis
979 4021 1099 4081 doctum
1132 4028 1261 4100 poetam.

120 4115 479 4196 Batrachomyomachiam
505 4133 590 4176 suam
613 4115 742 4176 Homero
764 4116 898 4178 Romano
922 4117 991 4178 dare
1013 4116 1140 4179 voluisse
1161 4124 1264 4196 poste·

119 4215 213 4276 riores
235 4215 285 4290 (cl.
302 4214 377 4275 Stati
399 4212 470 4274 Silv.
491 4213 502 4273 Ι
523 4212 627 4292 praef.)
650 4213 676 4272 si
697 4212 821 4274 dixerim
841 4232 903 4275 non
925 4215 1002 4275 male
1024 4215 1133 4276 dixisse
1153 4215 1262 4276 videar.

122 4312 181 4372 Sed
202 4313 282 4373 unde
304 4314 427 4373 tandem
450 4312 535 4373 lluxit
556 4311 689 4373 inventio
711 4310 759 4372 illa
782 4321 816 4372 ut
836 4310 953 4373 videtur
968 4313 1095 4374 absurda
1118 4313 1261 4374 insectam

121 4409 279 4471 bestiolam
301 4410 389 4471 istam
412 4410 618 4473 humationem
648 4408 732 4489 quasi
761 4409 807 4471 ius
838 4429 927 4471 suum
955 4410 990 4472 ab
1023 4410 1142 4472 bomine
1173 4428 1262 4489 quem

1069 4512 1104 4565 4*
