2962 5010
616 336 860 399 -lO'l-

167 532 225 574 oon
251 517 348 575 mitior
374 517 449 575 ensis
474 517 512 590 (v.
530 512 594 593 97).
633 510 781 574 Similiter
803 513 907 593 thynni
931 531 1050 592 quoque
1079 513 1155 592 apud
1184 511 1309 572 alterum

166 612 290 673 audiunt
304 608 475 686 θύνοντες,
499 609 534 674 ἐν
558 608 695 690 ἰχθύσιν
718 609 828 690 ἔξοχοι
845 605 957 692 ὁρμήν,
980 601 1221 691 κραιπνότατοι
1240 609 1309 681 181,

166 710 244 789 apud
272 711 397 773 alterum
422 714 524 791 pavidi
550 731 653 792 magno
681 713 820 792 sopientes
849 715 961 791 agmine
990 709 1040 772 98.
1085 712 1181 790 Atque
1209 709 1310 788 plures

167 808 311 870 eiusmodi
333 810 358 871 si
380 828 456 890 quae
478 819 637 890 appareant
660 810 870 871 similitudines
893 828 948 870 suo
971 810 1035 871 loco
1059 811 1252 870 notabuntur.

252 907 365 969 Adsero
388 906 519 987 primum
542 908 776 988 pelagiorum
798 908 980 988 reliquorum
1004 925 1169 969 recensum.
1215 907 1311 985 sitque

167 1006 203 1065 de
226 1005 344 1067 iulide
367 1006 473 1068 notis
495 1006 632 1085 insigni
659 1007 717 1068 iam
740 1015 839 1068 actum
862 1013 908 1067 est
923 1024 951 1085 p.
967 1005 1008 1067 56
1024 1024 1104 1085 squ,
1134 1024 1209 1085 quae
1231 1005 1312 1065 inter

166 1104 300 1164 saxatiles
322 1105 402 1184 algae
423 1114 558 1167 amantes
584 1105 706 1186 ponitur
731 1105 808 1184 apud
833 1103 1000 1183 Oppianum
1016 1104 1117 1183 1124,
1145 1111 1243 1165 actum
1266 1112 1311 1165 est

167 1203 255 1263 etism
278 1203 314 1264 de
347 1204 464 1265 miluo
497 1205 614 1277 ibidem,
649 1223 740 1284 quern
762 1204 907 1284 pelagium
931 1223 998 1265 esse
1021 1222 1090 1264 cum
1113 1202 1215 1263 Ovidio
1238 1219 1310 1262 con-

166 1302 256 1363 sentit
278 1302 416 1364 Aelianus
440 1302 479 1364 lll
495 1303 551 1376 523
582 1305 720 1365 channen
748 1304 783 1365 de
810 1322 868 1383 qua
890 1303 1020 1364 diximus
1043 1321 1071 1383 p.
1096 1302 1136 1364 30
1160 1301 1311 1382 Oppianus

166 1400 252 1463 talem
276 1403 429 1464 saxatilem
452 1404 569 1483 qualem
592 1403 682 1466 iulida
704 1403 784 1472 lacit,
814 1401 944 1464 libidinis
967 1419 1061 1479 genus
1083 1402 1216 1481 ignorat3
1245 1399 1311 1461 bri-

166 1499 286 1561 stoteles
302 1500 444 1580 pelagiam
461 1502 530 1563 dicit
546 1521 575 1582 p.
592 1501 683 1564 5984
702 1502 750 1563 13.
773 1499 866 1561 5914
887 1502 933 1562 lO.
957 1501 979 1561 Β
996 1502 1024 1562 6.
1063 1501 1165 1581 Neque
1181 1500 1217 1561 de
1234 1518 1311 1560 mu·
1379 1499 1382 1507 '

166 1616 256 1660 rena
279 1600 413 1678 gulanam
436 1600 638 1663 Romanarum
667 1599 874 1662 famosissimis
900 1599 1011 1660 deliciis
1042 1597 1177 1679 pluribus
1207 1597 1310 1678 dispu-

166 1700 289 1760 tandum
314 1699 386 1761 mihi
409 1700 480 1776 erit;
504 1700 588 1762 errius
610 1718 679 1761 cum
702 1700 797 1760 rabies
820 1698 976 1760 notissime
999 1697 1050 1770 sit,
1074 1699 1206 1759 ferocem
1228 1704 1313 1758 vocat

166 1797 288 1859 Ovidius
311 1818 337 1858 r.
354 1799 405 1871 27,
430 1794 612 1881 αἰνόμορον
634 1798 787 1861 Marcellus
809 1817 835 1858 v.
853 1798 907 1871 143
929 1797 1001 1858 item
1025 1797 1127 1858 ardere
1149 1813 1213 1857 eam
1237 1798 1313 1856 notis

166 1900 278 1958 ortrme'r
300 1896 364 1973 (Ox.
387 1897 460 1972 114)
484 1898 596 1978 experti
619 1897 745 1970 aiebant,
769 1895 849 1957 unde
871 1895 984 1956 Plinius
1006 1894 1046 1955 lll
1063 1895 1104 1956 76
1131 1894 1311 1956 accuratius:

167 1996 286 2056 dealem
305 1997 335 2054 in
349 1995 475 2056 masilia
488 1997 618 2058 ναοοαλαο
643 2012 732 2058 orreo
759 1995 853 2056 colore
877 1994 1000 2074 fulgen,
1025 1987 1183 2055 ποικίλον
1196 1992 1311 2054 Aristo-

166 2094 239 2154 teles
270 2092 572 2173 uiolentorum,
595 2094 746 2175 Oppianus
772 2089 862 2155 νιὸτα
889 2083 1060 2154 παναίολα
1082 2092 1109 2153 ll
1131 2092 1203 2165 274,
1232 2091 1311 2153 idem

167 2192 234 2252 alibi
251 2192 379 2254 colorem
395 2192 496 2272 potius
512 2185 691 2257 κολαινόνΙ
707 2193 769 2255 514
784 2201 815 2254 et
830 2192 891 2254 564
908 2209 966 2271 quo
983 2190 1071 2253 verbo
1094 2191 1184 2253 simul
1205 2190 1313 2253 crudo·

166 2291 232 2352 litas
254 2291 425 2352 ostenditur
446 2292 536 2354 animi
560 2294 610 2371 (cl.
633 2292 753 2372 schol.);
782 2301 812 2354 et
840 2291 959 2371 quidem
985 2290 1118 2371 pelagius
1147 2291 1195 2352 hic
1223 2289 1312 2371 pis‘cis

165 2389 243 2469 apud
265 2389 416 2451 Aelianum
439 2390 520 2453 audit
535 2392 548 2452 l
564 2391 614 2465 33,
637 2391 765 2453 saxatilis
787 2390 866 2451 intur
887 2398 999 2451 ostreas
1021 2390 1122 2452 vivens
1145 2390 1223 2469 apud
1249 2390 1311 2469 Op·

166 2490 288 2567 pianum
305 2488 317 2548 l
335 2488 551 2570 14201323),
574 2491 705 2571 pelagius
728 2491 816 2552 simul
838 2486 926 2551 simul
949 2486 1123 2571 πρόςγοιος
1138 2490 1182 2551 vel
1204 2486 1312 2570 ἐπαμ-

167 2582 349 2669 φοτερίζον
370 2588 447 2667 apuxl
469 2588 658 2651 Aristotelem
681 2587 820 2669 115984
839 2587 885 2647 14.

252 2684 519 2767 Chrysophryn
542 2686 609 2766 (Or.
632 2687 706 2767 111)
728 2687 773 2748 rel
796 2693 959 2747 auratam
988 2686 1130 2767 pelagiam
1153 2686 1312 2748 Columella

167 2803 285 2864 quoque
307 2784 379 2846 dicit
400 2785 462 2846 vlll
480 2784 528 2858 16,
544 2785 574 2858 8,
604 2786 757 2866 Oppianus
780 2784 944 2846 accuratius
967 2792 1001 2846 ut
1022 2784 1098 2845 solet
1120 2790 1149 2845 et
1171 2800 1311 2845 saxorum

167 2892 195 2944 et
218 2901 375 2945 arenarum
397 2893 544 2946 amantem
567 2885 580 2944 l
605 2882 673 2958 169,
696 2884 872 2946 Aristoteles
895 2881 1071 2966 truderetur
1091 2903 1119 2964 p.
1144 2882 1237 2944 5984
1264 2882 1311 2943 19.

167 2983 262 3061 Atque
289 2982 368 3043 inter
389 2974 596 3065 φερονύμοος
618 3001 683 3045 eam
711 2983 788 3043 sicut
816 2982 937 3062 xiphian
960 2981 1081 3043 Ovidius
1104 2999 1170 3042 esse
1192 2978 1313 3043 callebat

167 3100 236 3141 curn
259 3081 380 3142 adderet
408 3085 476 3142 cort
499 3085 611 3144 irnr‘toto
636 3084 734 3157 decem
763 3099 892 3161 quocum
919 3081 1028 3141 iterum
1052 3080 1203 3159 Oppianus
1227 3097 1313 3140 uom-

167 3179 315 3258 parandus
335 3179 395 3240 erit
418 3180 469 3261 qui
491 3180 610 3260 scripsit
632 3175 752 3262 ἀγλαΐη
772 3175 958 3262 χρύσοφρυς
978 3173 1202 3259 ἐπώνυμος.
1247 3176 1313 3238 Soi-

167 3279 234 3339 licet
256 3296 367 3340 nomen
390 3297 405 3340 a
429 3279 528 3359 specie
550 3279 639 3360 piscis
662 3278 765 3340 traxit:
788 3277 879 3339 schol.
896 3276 1147 3356 Oppianllyaeg.
1165 3274 1289 3337 111343.

251 3375 348 3438 Etiam
372 3377 478 3458 lupos
502 3378 567 3453 (Or.
587 3378 660 3454 112)
683 3377 829 3458 plurimos
850 3376 882 3438 iu
904 3375 1020 3437 vivariis
1042 3373 1160 3437 alebant
1175 3374 1311 3436 Romani.

168 3475 299 3552 Pelagius
327 3494 395 3537 esse
426 3477 622 3556 adstipulatur
644 3476 821 3549 Columella3
854 3474 1006 3554 Oppianus
1029 3492 1109 3535 mere
1143 3474 1170 3535 ei
1204 3473 1313 3535 addicit

167 3574 298 3635 amnium
332 3574 415 3635 ostiis
438 3574 568 3635 vicinum
592 3574 604 3635 l
629 3573 704 3648 112;
737 3573 852 3654 rapidos
884 3590 950 3634 cum
986 3573 1096 3635 diceret
1117 3573 1248 3645 Ovidius,
1283 3582 1314 3634 et

167 3673 262 3751 ipsam
285 3679 421 3733 naturam
449 3673 569 3753 quidem
597 3673 732 3735 animalis
761 3681 842 3734 recte
870 3671 1026 3751 descripsit
1053 3689 1189 3752 rapacem
1212 3671 1313 3746 (Colu-

168 3770 253 3831 mella
276 3770 459 3849 cap.17,8;
480 3772 517 3832 cl.
533 3772 606 3833 Phil.
622 3792 646 3833 v.
667 3771 760 3847 1867)
793 3779 823 3832 et
856 3780 955 3832 temen
977 3769 1026 3832 bic
1047 3789 1167 3849 quoque
1187 3768 1314 3831 fortasse

167 3869 442 3948 interpretationem
466 3869 591 3948 aliquam
615 3870 759 3948 cogitabat
782 3869 914 3931 nominis
937 3868 1033 3947 graeci
1052 3864 1179 3950 λάβραξ
1187 3889 1194 3938 ;
1217 3869 1313 3946 expli-

167 3978 250 4029 catur
272 3968 350 4028 enim
380 3968 436 4028 hoc
463 3985 574 4029 nomen
597 3963 616 4030 o‘
638 3966 715 4029 λίαν
736 3967 835 4048 (leode
858 3963 877 4048 ἢ
899 3964 1082 4049 λαλμαργος
1104 3965 1178 4045 Opp.
1203 3967 1227 4026 ll
1253 3966 1312 4027 130

168 4070 214 4143 (cl.
232 4064 336 4143 schol.)
352 4073 382 4126 et
396 4065 487 4126 schol.
505 4065 581 4145 Opp.
597 4066 658 4127 Hal.
675 4065 687 4126 l
707 4066 776 4126 112.
821 4068 956 4139 Quorum
979 4065 1114 4125 locorum
1137 4066 1229 4126 altero
1252 4059 1313 4126 nt-

167 4167 284 4246 βρακές
315 4164 342 4225 τ’
372 4157 474 4245 ἀμίαι
507 4185 542 4225 rs
564 4158 798 4246 θρασύφρονες
832 4165 1016 4225 ferocitatem
1051 4164 1140 4224 etiem
1173 4163 1312 4242 luporum

168 4272 284 4342 poetam
300 4263 470 4342 praedicare
486 4263 641 4326 existumo.
666 4263 741 4324 ilinc
756 4263 844 4324 etiam
859 4261 970 4323 factum
986 4262 1125 4341 estquod
1142 4261 1265 4323 Plautus
1281 4262 1312 4323 iu

168 4362 304 4423 Rudente
318 4360 475 4441 piscatoria
496 4361 594 4425 labula
616 4361 734 4424 lenonis
756 4379 821 4422 esso
842 4359 956 4440 rapacis
977 4360 1056 4422 istud
1079 4378 1191 4422 nomen
1211 4361 1311 4424 voluit

168 4459 354 4522 Memombile
376 4461 503 4548 denique
526 4461 606 4548 quod
627 4459 781 4523 Marcellus
807 4467 838 4522 et
865 4455 1016 4545 λα’)λρανα
1047 4459 1164 4526 exbibet
1187 4478 1213 4521 r.
1238 4460 1258 4523 9
1280 4471 1310 4523 et
