2962 5010
683 279 900 347 *tl-

220 457 346 537 spiceret
372 455 471 536 mugil,
497 472 677 535 causamque
700 457 873 536 excogitavit
894 476 1011 531 noram,
1037 477 1095 538 qua
1115 477 1179 521 rem
1203 457 1368 538 explicaret·

220 564 249 618 et
270 575 323 617 suo
345 554 467 617 consilio
483 555 591 619 caudae
606 554 726 619 verbera
741 556 955 620 accomodaret.
998 556 1083 628 Quod
1101 557 1285 636 praeclarum
1297 573 1366 636 quo·

218 654 383 717 illustretur
408 654 543 719 ¹istorum
579 654 757 733 scriptorum
795 655 961 734 compilatio
987 656 1154 740 exemplum
1181 663 1236 718 est.
1280 655 1368 717 Duae

220 753 256 814 de
278 752 434 815 calliditate
454 751 598 828 mugilum
620 751 744 816 fabellae
768 753 901 817 luerem:
928 753 1076 817 alterode
1098 753 1233 816 evitando
1255 752 1367 817 hamo·

219 873 308 934 quam
324 862 354 916 et
368 852 541 916 Plutarchus
562 860 592 913 et
606 849 728 914 Ovidius
747 851 930 923 memoravit,
950 853 1045 915 altera
1066 853 1102 916 de
1123 853 1263 915 evitando
1281 859 1362 915 rete

219 972 308 1032 quam
329 970 419 1015 unam
438 951 590 1033 Oppianus
616 964 730 1030 ponera
755 951 835 1013 inter
860 950 985 1029 piscium
1012 951 1184 1014 calliditates
1206 953 1281 1014 satis
1307 956 1361 1015 ha-

218 1052 282 1115 buit
296 1052 336 1113 lll
351 1050 390 1112 98
403 1069 480 1130 sqq„
510 1067 578 1111 cum
608 1047 784 1127 praeteriret
812 1048 889 1111 hanc
908 1049 1027 1113 'latinus
1056 1056 1157 1128 poeta,
1173 1052 1362 1130 ‘praeteriret

135 1209 141 1218 ,
218 1150 306 1211 etiam
322 1149 506 1221 Plutarchus,
530 1147 579 1227 qui
600 1146 660 1207 duo
680 1153 800 1211 tantum
819 1147 890 1209 retis
913 1148 1024 1211 vitandi
1044 1149 1177 1229 exernpla
1191 1149 1369 1228 prolaturus·

219 1247 344 1326 mugiles
370 1262 431 1309 non
456 1243 622 1326 praemittit
646 1243 703 1307 nisi
730 1244 794 1324 capi
819 1252 881 1309 rete
906 1255 936 1325 p.
953 1244 1053 1308 stad.

303 1345 345 1405 lle
369 1346 439 1424 lupo
466 1361 584 1424 quoque
610 1342 724 1404 fabulae
750 1351 886 1423 acceptae
910 1345 992 1408 duae
1009 1345 1102 1408 fuere
1146 1346 1256 1409 lterum
1279 1347 1366 1410 enim·

219 1443 254 1504 de
270 1462 304 1503 eo
321 1443 495 1505 Plutarchus
511 1440 604 1502 977F
624 1442 705 1503 hunc
722 1442 756 1503 in
777 1443 914 1524 modum:
936 1437 1037 1507 :altat
1058 1439 1122 1507 ,καὶ
1147 1442 1232 1526 πρδς
1257 1444 1361 1506 ταῦτα

218 1539 272 1618 (sc.
301 1537 342 1601 τὰ
371 1538 500 1618 δίκτυα)
529 1536 675 1621 μηχαναὶ
704 1528 925 1617 ταϊςγοιλαίς
955 1536 1067 1623 ὥσπερ
1096 1540 1147 1631 τῆ
1175 1528 1361 1626 λοίβρακι·

218 1638 424 1721 *συρομένην
442 1637 505 1720 γὰρ
520 1632 769 1718 αἰσθανόμενος
783 1639 851 1718 βίᾳ
866 1634 1043 1721 διίστησι
1060 1637 1115 1720 καὶ
1136 1635 1253 1715 τύπτει
1273 1662 1361 1702 κοι-

218 1734 360 1799 λαίνων
389 1732 600 1818 τοῦδαφος·
638 1729 721 1824 Ιὅταν
750 1734 788 1807 δὲ
817 1733 965 1823 *ποιήσῃ
995 1738 1051 1821 τῆς
1080 1735 1263 1822 ἐπιδρομῆς
1302 1739 1364 1815 τοῦΙ

218 1832 351 1897 δικτύου
380 1833 489 1917 χώραν
518 1832 621 1897 ἔωσεν
650 1830 768 1896 ἑαυτὸν
796 1831 852 1897 καί
887 1824 1122 1917 προςέχεται
1150 1839 1286 1921 μέχρις
1315 1833 1361 1900 ἂν

169 1936 176 1950 ’
218 1932 414 2016 παρέλθῃ.
1294 1932 1306 1940 ”

218 2051 284 2113 Non
312 2051 395 2112 ahter
416 2050 567 2130 Oppianus
582 2046 623 2110 lll
640 2047 716 2109 121:

326 2144 495 2230 Λύβραξ
523 2144 565 2208 δὲ
590 2141 828 2228 πτερύγεσσι
856 2144 926 2208 διὰ
949 2143 1164 2230 ψαμάθοιο
1191 2140 1360 2237 λαχῆνοις

318 2241 469 2329 βόθρον
496 2240 575 2308 ὅσον
601 2241 768 2317 δέξασθαι
794 2241 849 2307 ἑὸν
877 2243 991 2327 δέμας,
1018 2240 1089 2329 ῆύτ’
1116 2244 1150 2319 ἒς
1177 2240 1271 2330 εδνῆν
1320 2289 1334 2326 ¹-

319 2340 499 2428 ἐκλίνθη·
528 2341 584 2405 καὶ
609 2341 662 2405 τοὶ
688 2338 747 2424 μὲν
772 2338 828 2405 ἐπ’
854 2337 968 2425 ῆϊόνας
993 2338 1175 2424 κατάγουσι
1274 2426 1277 2431 ¹
1342 2416 1344 2421 .

317 2441 448 2507 δίκτυον
473 2438 667 2529 ἅσπαλιῆες,
694 2437 712 2503 δ
738 2436 769 2505 δ’
798 2438 866 2504 ἰλύι·
890 2445 1039 2524 κείμενος
1066 2438 1178 2518 οὕτως
1213 2516 1215 2521 Ι
1317 2514 1319 2525 Ι

319 2536 529 2613 ἀσπασίως
555 2537 679 2623 ῆλυξε
705 2536 761 2600 καὶ
787 2537 925 2623 ἔκφυγεν
950 2537 1051 2626 ἄκρυν
1076 2526 1259 2633 o'lde‘ipoc.¹

217 2667 296 2729 Hinc
324 2667 483 2735 lacunosus
508 2663 594 2727 latini
619 2664 776 2742 fragmenti
807 2664 888 2727 locus
924 2665 982 2727 iam
1015 2664 1130 2744 plenior
1159 2667 1289 2731 adscribi
1318 2668 1359 2731 ita

218 2765 327 2846 poterit
346 2762 518 2842 v.23sqq.:
1309 2784 1312 2792 =
1441 2764 1443 2768 ‘

747 2843 756 2873 Ι

319 2890 441 2952 Clausus
467 2895 531 2950 rete
557 2887 663 2968 lupus
690 2886 824 2964 quamvis
850 2885 964 2949 inmitis
991 2895 1021 2949 et
1047 2903 1121 2951 acerv
1229 2910 1233 2916 ·
1311 2882 1314 2887 ’
1363 2888 1365 2893 ’

318 2987 477 3049 Dimotis
503 2986 595 3047 canda
621 2984 835 3047 submissus
863 2985 953 3047 sidit
978 2986 1106 3048 arenis
1178 3050 1180 3056 ,

319 3083 367 3167 [ln
392 3087 537 3164 foveaque
562 3083 671 3157 iacens,
699 3083 750 3144 ubi
775 3090 840 3146 rete
865 3082 994 3166 levatur]
1022 3085 1064 3145 in·
1078 3078 1177 3158 auras,
1263 3112 1265 3117 ·

316 3184 456 3246 Emicat
481 3189 570 3262 atque
597 3182 680 3243 dolos
703 3183 781 3245 saltu
807 3182 920 3244 deludit
937 3182 1064 3247 inultus.
1150 3214 1153 3219 >
1182 3220 1211 3227 Η

218 3309 276 3370 Sed
298 3308 387 3370 etiam
407 3306 556 3369 Plutarchi
576 3306 672 3377 verbis
694 3307 927 3369 succurrendum
953 3306 1079 3369 videtur.
1124 3295 1256 3370 Primum
1278 3310 1358 3371 enim

216 3406 333 3467 etiamsi
345 3406 569 3485 Wyttenbachio
586 3405 756 3484 parebimus
772 3424 861 3475 sensu
873 3403 1016 3467 carebunt
1027 3406 1080 3466 ists
1094 3398 1174 3469 ὅταν
1185 3403 1222 3468 δὲ
1233 3403 1359 3491 ποιήσῃ

216 3503 327 3584 (πρὸ)
354 3504 409 3586 τῆς
436 3501 621 3585 ἐπιδρομῆς
646 3501 704 3564 τοῦ
733 3497 867 3564 δικτύου
892 3494 1003 3584 χώραν
1028 3493 1130 3567 ἔωσεν
1155 3500 1272 3567 ἑαυτὸν
1297 3525 1358 3586 eqs.

216 3601 293 3673 Quid
319 3610 363 3663 est
393 3601 474 3663 enim
500 3594 686 3684 daadpopai?
711 3595 731 3663 δ
756 3597 939 3684 ἕπίδρομος
964 3603 1155 3668 senatoribus
1182 3603 1360 3667 iunisretis

216 3701 352 3779 superior
376 3699 513 3762 audiebat
538 3718 598 3777 quo
624 3706 688 3760 rete
710 3697 810 3777 ipsum
836 3699 1038 3763 attrahebatur
1058 3701 1241 3772 ccr.-Ponue.
1261 3705 1284 3767 ll
1305 3703 1361 3776 293

215 3797 293 3881 Plini
308 3807 410 3861 autern
425 3797 514 3859 verba
529 3797 596 3859 Xlll
613 3798 648 3858 ll
667 3796 708 3859 ita
724 3795 872 3859 adscribo:
896 3798 1072 3880 vidimusque
1090 3807 1191 3865 tamen
1206 3810 1304 3864 tantos
1316 3811 1361 3864 te-

127 3910 130 3918 ’
216 3901 335 3959 cubatio
360 3907 392 3958 οι
412 3894 532 3957 aeoliam
559 3895 682 3957 tamtam
709 3913 774 3957 com
804 3897 956 3975 epidromis
975 3901 1152 3973 [transient
1179 3897 1279 3981 (οἱοί)
1301 3918 1359 3962 οπο

212 4005 347 4077 portanto
368 3993 582 4055 multitudinem
603 3992 771 4073 quescitur
794 3998 1004 4075 cleperentorl3
1018 3998 1127 4077 itaque
1148 3992 1170 4078 ῆ
1195 3994 1361 4079 έπιδρυμῆ

216 4094 273 4156 τοῦ
303 4087 438 4155 δικτύου
465 4091 528 4170 ipsa
558 4090 709 4153 adstrictis
739 4092 810 4154 retis
839 4104 938 4173 neque
963 4096 1042 4159 aliud
1061 4103 1124 4158 est.
1166 4096 1261 4159 Porro
1288 4096 1360 4175 qnid

216 4192 271 4254 sibi
290 4193 353 4255 vult
371 4183 484 4272 χοίρου
503 4187 637 4251 moesto?
666 4189 741 4252 Rern
760 4191 784 4252 si
804 4192 980 4272 spectaveris
1006 4194 1074 4257 talia
1099 4193 1253 4272 flagitabis:
1276 4186 1363 4258 -ὅτυν

217 4286 444 4372 δὲπρυνοῆσῃ
465 4291 521 4374 τῆς
536 4289 720 4374 ἐπιδρομῆς
744 4291 805 4356 τοῦ
831 4290 964 4357 δικτύου
988 4294 1021 4357 δ’
1044 4289 1142 4376 ὥραν.
1172 4296 1266 4357 Porro
1281 4303 1362 4358 stass

218 4389 324 4467 nequit
338 4379 440 4451 ἔωσιν
454 4387 586 4454 bancos:
613 4391 721 4470 poterit
736 4380 887 4463 είςέιοσευ
901 4389 1018 4471 ἑαυτὸν
1031 4393 1064 4456 in
1079 4400 1175 4474 ecqud
1189 4394 1361 4474 acquiesco}
