2962 5010
613 215 856 279 -120-

163 412 248 455 curas
271 392 405 456 librarios
428 392 626 473 qno'lacilius
648 394 684 455 ad
708 409 839 480 errorem
862 393 981 454 deducti
998 393 1069 464 sint,
1096 393 1154 454 boc
1176 392 1210 454 ni
1226 392 1314 454 fallor

163 491 374 573 praebabebis:
1140 491 1142 498 ⁸

250 635 301 699 ‘Et
313 608 474 716 squatina
497 643 535 697 et
555 635 659 697 tenui
679 635 810 697 sullusus
825 635 969 714 sanguine
984 626 1103 697 mullus.

164 785 260 847 lllrine
286 785 365 848 enim
391 786 561 866 squatina
591 804 710 866 semper
736 787 857 860 dicitur,
886 787 979 848 semel
1007 795 1122 850 tantum
1147 798 1314 870 squatus

164 886 242 965 apud
259 883 388 946 Plinium
403 883 511 944 XXXII
530 885 589 944 150
606 902 705 965 neque
721 887 907 948 considerate
923 886 1030 949 Ulitius
1050 887 1107 948 boc
1133 890 1228 966 magis
1255 908 1315 950 no-

165 988 353 1064 nonquam
385 984 459 1044 illud
487 983 522 1044 ad
551 991 684 1044 nostram
719 985 917 1064 corruptelam
953 985 1227 1049 admovere'auaus
1257 998 1314 1049 est.

164 1081 240 1154 Quid
256 1079 363 1143 enim?
388 1082 493 1144 unicus
508 1081 556 1143 bic
571 1081 646 1143 Plini
661 1082 743 1144 loeus
758 1099 835 1144 anne
851 1083 924 1144 lalso
947 1083 1075 1162 scriptus
1100 1104 1164 1146 esse
1188 1082 1315 1165 potest?

165 1180 337 1260 squalorum
352 1180 433 1242 eninr
448 1180 566 1259 generis
590 1180 719 1259 speciem
747 1181 898 1260 squatinae
924 1200 988 1243 esse
1002 1183 1074 1253 seisa
1102 1184 1205 1262 quidni
1221 1183 1316 1263 igitur

165 1278 295 1340 Plinius:
330 1279 412 1339 rbirre
433 1296 515 1358 quem
546 1279 681 1359 spectem
703 1276 860 1340 vocamus?
894 1279 971 1352 Quid
992 1281 1073 1359 quod
1097 1280 1209 1343 Plinius
1231 1282 1315 1344 idern

165 1375 431 1438 misereretene
447 1376 498 1456 qui
512 1375 607 1456 pisces
623 1377 739 1456 pariant
759 1377 871 1439 circum
891 1377 1112 1457 aequinoctium
1128 1380 1315 1443 Aristotelica

165 1475 253 1536 verba
269 1475 299 1556 p.
316 1474 438 1537 54389
454 1474 510 1536 aod
526 1471 647 1555 σάργος
662 1474 718 1536 καὶ
732 1471 835 1557 νάρκη
850 1469 908 1537 καὶ
922 1473 1013 1558 ῥίνη
1029 1477 1125 1540 tribus
1140 1479 1341 1542 nominibus·

166 1570 271 1654 positis
294 1576 324 1636 e't
339 1590 493 1652 sargorum
515 1581 545 1634 et
568 1574 732 1654 torpedinis
758 1582 789 1635 et
810 1577 1030 1654 squalcrum
1056 1577 1174 1638 curiose
1199 1578 1317 1657 effingit

166 1672 214 1752 (cl.
232 1672 308 1734 infra
329 1693 358 1752 p.
376 1670 475 1752 143)?
505 1674 550 1734 An
576 1673 641 1752 quis
669 1673 757 1734 etiam
784 1673 831 1735 bic
854 1693 1020 1754 supponere
1045 1683 1168 1756 squatos
1193 1685 1315 1756 paratus

167 1768 246 1833 erit?
275 1770 496 1833 dubitationem
524 1779 625 1831 tamen
647 1772 776 1832 movebit
801 1771 961 1834 laterculus
978 1773 1088 1835 Polemi
1108 1774 1180 1836 Silvi
1200 1775 1230 1836 in
1255 1795 1315 1855 quo

168 1870 364 1932 effunduntur
399 1870 522 1931 nomina
560 1878 736 1931 cunctorum
766 1868 943 1950 spirantium
978 1890 1053 1952 quae
1082 1872 1138 1934 sub
1170 1870 1315 1935 Suetonio

168 1971 316 2050 adponere
333 1968 573 2031 lleillerscbeicbo
600 1967 719 2048 placuit,
746 1969 812 2031 vide
838 1971 920 2032 Suet.
936 1969 1217 2050 Relliqu.,paginan1
1233 1970 1314 2047 2593

167 2067 216 2129 ibi·
235 2068 315 2130 enim
341 2068 420 2130 inter
444 2067 609 2129 natantium
636 2067 757 2128 nomina
779 2080 939 2147 squatus
963 2068 1126 2130 exhibetur.
1159 2070 1217 2130 Sed
1232 2071 1315 2132 unde

168 2167 242 2228 haec
256 2166 371 2227 bomini
387 2166 563 2227 allluxerant
577 2180 640 2225 non
667 2164 725 2226 nisi
750 2165 786 2226 ad
814 2164 902 2226 vilem
918 2167 1084 2228 doctrinam
1099 2165 1223 2247 parato?
1253 2169 1314 2230 l'o·

168 2272 245 2327 terat
271 2273 352 2326 certe
377 2264 475 2344 ipsum
503 2263 631 2324 Plinium
658 2263 739 2325 adire
762 2272 853 2344 atque
879 2282 941 2327 non
965 2273 1083 2345 poterat
1099 2274 1238 2342 tantuma
1260 2269 1315 2330 sed

169 2363 240 2425 satis
261 2363 323 2444 ipsa
344 2373 376 2424 rc
396 2361 587 2440 invitabatur,
609 2361 749 2442 quoniam
765 2364 822 2425 boc
837 2363 964 2424 maxime
977 2380 1086 2443 promo
1102 2373 1132 2426 et
1146 2366 1315 2428 condono·

169 2460 303 2524 tiliarum
327 2461 462 2524 omnium
488 2461 532 2522 uti
559 2469 641 2522 aetas
665 2461 768 2522 infima
794 2462 879 2524 solita
907 2470 954 2525 est
980 2481 1078 2543 neque
1105 2481 1167 2524 nnn
1179 2464 1246 2544 ipse
1260 2465 1317 2527 lsi·

172 2560 262 2621 dorus
288 2560 320 2622 in
336 2559 489 2639 Originum
502 2558 584 2620 libro
601 2559 655 2619 Xll
669 2559 841 2639 aquatilium
868 2560 990 2624 nomina
1015 2569 1211 2625 contrectans.
1241 2562 1317 2625 lnde

172 2657 320 2738 accepisse
335 2658 569 2737 conscriptorem
585 2657 672 2718 credo
688 2657 870 2736 incognitum
882 2659 1006 2737 reliquis
1021 2660 1213 2740 scriptoribus
1229 2663 1316 2725 dao-

171 2757 290 2836 tylum
306 2757 356 2832 (cl.
372 2757 497 2836 inbap-
513 2758 586 2831 170)
610 2756 680 2817 inde
706 2756 843 2837 hippoe
858 2757 937 2818 iuxta
963 2776 1083 2837 equos
1098 2761 1224 2841 sumpti·
1246 2759 1317 2822 inde

150 2854 506 2936 coluthianorum),
536 2855 754 2936 pectunculi
783 2873 838 2934 pro
863 2855 1031 2935 pectinibus
1057 2859 1154 2938 positi,
1180 2876 1317 2939 porcus

172 2954 315 3027 fortasse·
328 2956 496 3017 arachne
516 2963 547 3016 et
568 2954 624 3027 alii,
647 2954 775 3015 maxime
790 2972 859 3016 rero
882 2973 957 3034 quae
976 2956 1008 3016 in
1022 2956 1167 3037 principio
1182 2958 1318 3020 locantur

173 3051 324 3115 balaena
346 3053 495 3132 gladius
521 3053 716 3115 musculus
746 3069 855 3115 serra
880 3061 961 3115 rota
988 3073 1069 3117 orca
1093 3057 1317 3136 physeteres

173 3151 288 3231 (liciter)
305 3152 469 3214 cucumis
493 3152 628 3232 pistris
651 3151 758 3213 deinde
779 3170 901 3231 equus
922 3153 1053 3215 asinus
1079 3155 1175 3216 arios
1191 3154 1317 3234 (Plinius

174 3249 297 3313 scilicet:
325 3254 426 3312 ordeles
450 3250 573 3312 morardi
596 3260 622 3311 et
646 3250 701 3312 elic·
710 3253 833 3330 piscium
853 3253 952 3330 formo
969 3253 1177 3332 quadrupedes)
1198 3255 1318 3315 triton

174 3347 269 3408 elela
279 3365 318 3409 ns
330 3382 373 3392 -υ
388 3349 460 3411 haec
475 3350 573 3411 omnia
585 3349 707 3427 inquam
720 3349 756 3410 ad
768 3367 843 3429 quae
854 3351 1000 3412 accedunt
1013 3351 1091 3413 infra
1106 3352 1272 3414 canicule
1287 3361 1320 3414 et

175 3433 361 3508 cornutus
387 3455 417 3508 et
442 3449 477 3509 ad
504 3447 666 3527 primorem
681 3455 797 3526 partem
812 3448 886 3509 noni
900 3449 968 3510 libri
982 3449 1108 3512 Pliniani
1129 3459 1158 3512 ot
1171 3451 1208 3513 ad
1222 3451 1318 3532 ipsius

175 3543 318 3605 tricesimi
342 3545 462 3607 alterius
482 3549 502 3620 ξ
520 3546 580 3606 144
607 3545 721 3624 egregie
747 3546 904 3609 adsonant.
944 3548 1058 3610 Tamen
1084 3549 1181 3611 etiam.
1198 3550 1319 3612 aliunde

176 3642 229 3704 alia
245 3643 365 3724 nomina
386 3643 570 3724 constipasse
592 3644 675 3704 illum
696 3644 727 3704 in
742 3643 831 3724 plano
847 3646 979 3725 positum
1001 3654 1056 3721 est,
1076 3648 1235 3728 praecipue
1250 3647 1319 3710 bar-

174 3741 256 3816 bara,
282 3742 335 3804 sed
346 3776 349 3781 -
362 3742 453 3804 etiam
479 3761 583 3822 graeca
609 3743 750 3805 nonnulla
766 3745 977 3824 exquisitiora:
991 3780 993 3785 ⁴
1005 3763 1077 3807 num
1094 3763 1259 3808 ancoroaus
1275 3755 1321 3808 ost

177 3838 404 3902 anodorcas?
425 3852 497 3902 num
521 3842 609 3903 rodco
629 3839 804 3922 cordyla?
824 3860 896 3904 num
916 3860 1012 3922 pocus
1029 3841 1185 3923 sparus?
1203 3848 1321 3925 coporis

177 3937 361 4020 pagurus‘?
384 3939 516 4020 benique
531 3950 649 4022 aquatus
663 3936 854 4003 ianuoemm
868 3942 1000 4004 laterculi
1015 3943 1091 4021 apud
1104 3942 1233 4004 Plinium
1245 3944 1319 4005 falso

176 4038 283 4117 legisse
312 4039 407 4100 conici
432 4047 539 4119 potest.
581 4039 713 4103 Utevero
740 4042 776 4102 ad
802 4040 937 4103 Ouidiani
963 4040 1101 4103 carminis
1126 4041 1320 4123 scriptionem

178 4137 395 4199 diiudicandam
411 4139 517 4220 pedem
533 4139 698 4201 referamus
713 4123 850 4218 superest
869 4146 902 4200 ut
924 4139 960 4201 ad
981 4138 1141 4201 mullorum
1163 4139 1322 4202 similium-

178 4254 236 4315 que
266 4235 435 4298 societatem
466 4238 635 4318 squatinam
661 4240 760 4319 aptam
787 4255 854 4299 esse
880 4238 1016 4299 doceam:
1048 4237 1201 4317 Oppianus
1230 4238 1322 4318 igitur

93 4364 95 4368 >
177 4332 265 4395 1381
290 4334 325 4396 ad
347 4340 473 4397 cetacea·
487 4336 634 4416 pertinere
660 4352 748 4398 canes
774 4335 887 4406 scribit,
913 4353 1021 4398 canum
1047 4344 1148 4398 aulona
1173 4335 1230 4399 tria
1256 4354 1321 4399 esse
