2962 5010
617 315 858 381 -ttl-

167 495 298 557 locorum
309 502 414 556 natura
426 492 504 574 apud
515 510 586 556 eum
595 491 746 555 divisionis
758 490 936 571 principium
951 486 1069 553 lucrat?
1084 488 1300 555 ideouumiua·

167 592 274 664 tivum,
304 611 364 665 nou
393 591 589 655 accusativum
620 591 756 671 posuisse
783 588 1033 655 videaturunus
1060 588 1187 653 verbum·
1211 588 1301 653 tuerit

167 693 344 770 τέρπονται
360 694 462 771 (supra
476 710 506 771 p.
524 690 596 765 106)
622 689 667 753 vel
688 688 792 753 munile.
833 687 886 751 Cui
900 686 1061 768 suspicioni
1076 686 1256 755 accusamus
1269 685 1302 749 in

168 790 262 851 altero
277 790 342 852 loco
353 789 475 853 minime
489 789 644 869 obestque
658 789 766 851 iterum
778 787 889 851 rariora
898 786 1020 849 nomina
1030 793 1116 865 poeta
1128 784 1302 864 curatupud

168 888 327 966 piscatores
348 889 473 953 manime
487 886 627 955 rabbus:
648 886 691 949 ita
705 885 873 951 Athenaeus
885 883 999 949 3050
1020 876 1302 966 Harmozaei*
1280 902 1304 945 ο

164 981 280 1066 Αρκὰς
315 983 349 1048 ἕν
377 983 508 1069 Εογοις
537 983 732 1058 θαλαττίοις
762 982 819 1067 τήν
844 981 960 1066 κίχλην
996 979 1169 1107 πολλοῖς
1213 977 1303 1044 ὀνό-

170 1086 271 1165 μασί
297 1100 379 1167 φησι
401 1082 628 1153 καλεῖσθαι
740 1134 743 1139 .
1271 1128 1274 1135 .

269 1190 359 1258 οἷ’
338 1219 358 1279 η
381 1194 426 1279 δη
445 1192 559 1280 κίχλην
581 1189 725 1260 οἰνώδεα
742 1215 802 1278 την
821 1193 985 1279 καλαμῆες

270 1295 395 1376 σαῦρον
414 1291 626 1379 κικλήσκουσι
648 1292 705 1356 καὶ
727 1289 1044 1379 αἰολίηνὸρφλσκον

270 1390 430 1458 πιότατον
452 1393 594 1480 κεφαλῇ·,
624 1428 627 1433 -

170 1535 237 1579 nam
254 1514 367 1601 κίχλην
381 1516 467 1600 plane
479 1519 626 1601 pendebat
642 1538 657 1580 a
673 1516 785 1581 καλεῖν
798 1517 888 1580 verbo
899 1519 1079 1600 reposuiquc
1094 1514 1151 1580 cia
1165 1517 1304 1598 qubniam

171 1634 268 1696 neque
295 1615 344 1691 οἷς
369 1614 431 1701 ἤδη
454 1618 597 1680 librorum
624 1618 712 1679 habet
737 1633 796 1697 quo
820 1614 982 1697 explicetur
997 1616 1094 1697 neque
1110 1616 1214 1696 Berglri
1238 1611 1305 1678 eiu'

170 1712 231 1797 ἤδη
247 1717 281 1778 ad
298 1723 505 1795 argumentum
520 1727 622 1798 aptum
635 1724 688 1777 est.
713 1714 782 1776 uuit
796 1721 894 1777 autern
910 1713 960 1777 ubi
975 1714 1101 1795 scriptor
1115 1711 1306 1776 enumerandi

172 1814 411 1875 munererelictc
438 1814 577 1876 etiamad
600 1812 713 1876 fabulas
737 1812 874 1875 dicendas
896 1820 1079 1893 evagaretur:
1106 1828 1175 1875 nam
1201 1811 1251 1875 ubi
1277 1810 1306 1872 in

173 1911 295 1990 pompili
312 1912 415 1973 incidit
432 1913 611 1975 mentionem
627 1910 724 1974 verbis
741 1906 814 1990 (283
827 1911 880 1987 di:
897 1920 900 1925 ’
940 1928 943 1935 ’

275 2030 446 2118 πομπίλος
469 2030 506 2102 ὃν
528 2032 703 2104 καλέουσιν
724 2009 883 2119 ἁλίπλοοι
908 2029 1005 2133 ἱερὸν,
1019 2024 1131 2115 ixdie,

174 2183 291 2227 sacrum
305 2185 405 2229 revera
421 2168 531 2248 piscem
553 2185 618 2230 esse
633 2167 744 2248 Epopei
766 2166 898 2231 maxime
909 2165 1121 2230 tatourmabat
1135 2166 1246 2246 quippe¹
1257 2165 1309 2246 qui

175 2284 241 2326 cum
268 2266 395 2345 cepisset
420 2266 589 2345 edissetque
615 2267 778 2346 pompilum
805 2265 881 2327 male
902 2264 1037 2344 periisset
1058 2265 1240 2346 addebatque
1262 2265 1308 2324 bis

174 2364 294 2425 similia:
321 2384 395 2445 quae
420 2361 522 2427 tamen
543 2366 579 2428 ab
600 2385 636 2427 eo
663 2366 772 2448 scripta
788 2382 848 2426 non
865 2373 937 2426 sunt
952 2371 985 2426 ut
1000 2372 1121 2428 naturas
1137 2363 1308 2427 animalium

173 2464 316 2542 panderet
341 2464 376 2526 ad
403 2464 626 2527 similitudinem
644 2462 780 2547 Oppiani,
803 2464 855 2526 sed
875 2472 1032 2545 postquam
1055 2465 1199 2546 plurimos
1215 2464 1309 2544 pisces

174 2563 239 2642 capi
273 2563 444 2627 inscitiam
471 2564 551 2637 hunc
571 2582 667 2629 unum
692 2566 831 2645 assequi
854 2581 917 2628 nou
946 2574 1107 2645 caperetur
1127 2562 1310 2645 argumentis

174 2661 287 2725 idoneis
309 2661 467 2735 muniebat
803 2708 806 2719 .

260 2761 345 2835 Quod
363 2761 510 2842 reliquum
526 2769 573 2823 est
587 2761 737 2825 silentiunm
753 2769 808 2835 est.
838 2763 941 2843 Neque
954 2761 1034 2835 euim
1050 2706 1092 2825 de
1106 2759 1312 2837 Posidonio

175 2860 325 2923 Corinthio
345 2860 508 2940 quidquam
528 2867 644 2923 cunstat
661 2860 720 2923 nisi
740 2861 895 2940 aliquantu
912 2861 1034 2940 propius
1049 2878 1119 2922 eum
1135 2878 1223 2940 quam
1240 2858 1313 2922 reli-

175 2978 250 3039 quos
275 2957 409 3021 eiusdem
430 2958 601 3037 argumenti
614 2967 716 3039 poetas
732 2958 768 3020 ab
784 2959 911 3039 Oppiani
932 2966 1032 3029 aetate
1044 2958 1178 3033 abluisse.
1221 2957 1313 3033 sicce·

175 3058 251 3119 dunt
275 3057 353 3137 apud
374 3056 557 3128 Athenaeum
582 3056 692 3136 quide
715 3056 848 3137 piscibus
877 3046 1105 3140 καταλογάδην
1133 3067 1163 3120 et
1192 3055 1312 3137 quidem

175 3156 307 3217 oratione
336 3173 423 3236 prosa
451 3155 624 3237 scripserint
662 3155 848 3219 Seleucus
876 3155 1031 3219 Tarsensis
1060 3162 1091 3218 et
1126 3154 1313 3218 Leonidas

175 3254 341 3334 Byzantius.
397 3254 495 3335 Atque
511 3324 513 3329 ,
531 3253 691 3318 Leonidam
728 3271 896 3319 unacum
932 3263 1016 3335 petre
1051 3273 1108 3317 suo
1144 3253 1311 3317 ldetrodorc

175 3352 313 3432 Byzantio
339 3353 403 3416 τῶν
425 3351 460 3416 ἓν
485 3344 708 3436 ὑδροθηρίαις
729 3344 848 3418 δεινοῖν
874 3372 941 3417 esse
965 3354 1103 3427 Aelianus
1131 3352 1252 3417 tradidit
1280 3352 1313 3415 iu

175 3450 320 3514 librorum
345 3452 382 3513 dc
405 3451 581 3515 animalibus
605 3452 737 3532 epilogo„
759 3452 944 3533 sumpsitque
965 3473 1000 3515 er
1016 3471 1061 3515 seo
1086 3471 1143 3527 ses
1157 3471 1218 3515 non
1251 3459 1315 3515 tam

175 3551 275 3612 doctas
302 3569 390 3633 quam
403 3549 560 3615 iucundas
581 3551 617 3615 de
632 3550 769 3632 delphine
781 3549 809 3617 ll
824 3552 853 3623 6,
880 3551 917 3617 de
934 3552 1085 3632 pastinaca
1098 3552 1204 3615 nociva
1218 3551 1244 3613 ll
1259 3551 1312 3621 50,

177 3649 212 3711 de
238 3650 311 3712 mira
337 3650 428 3729 ignoti
447 3650 598 3713 cuiusdam
620 3649 708 3730 piscis
722 3658 827 3715 natura
842 3650 881 3713 lli
900 3650 955 3728 183
979 3652 1031 3715 sed
1059 3652 1146 3715 etiam
1173 3650 1210 3713 de
1237 3648 1313 3711 escis

178 3757 332 3828 praecepta
351 3747 403 3809 Xll
424 3749 474 3812 42.
513 3748 658 3812 Athenaei
682 3758 818 3813 auctores
841 3767 903 3813 neu
930 3750 1022 3828 magis
1038 3748 1200 3813 Leonidam
1224 3765 1313 3828 quam

177 3845 367 3915 Posidonium
391 3856 441 3910 aut
462 3846 631 3928 Oppianum
653 3859 878 3930 excerpseruut3
904 3849 1060 3912 Seleucum
1083 3849 1176 3911 semel
1194 3847 1313 3924 (tuen.

178 3946 296 4026 aaut),
313 3946 390 4009 unde
405 3946 611 4026 cognoscimus
626 3946 761 4011 docuisse
781 3966 849 4009 eum
871 3944 907 4009 ἐν
927 3947 973 4032 τῷ
995 3943 1173 4030 ἁλιευτικῷ
1194 3963 1310 4007 ιοιιιιιιι

177 4063 243 4106 esse
257 4045 441 4119 insomnem;
461 4045 609 4126 praeclare
623 4034 702 4109 euim
718 4040 757 4110 οὗ
778 4040 959 4109 καθεύδειν
980 4065 1034 4126 pro
1062 4046 1162 4127 inepto
1187 4039 1314 4105 καθεύ-
1389 4113 1391 4117 y

177 4141 249 4206 δοιν
271 4144 471 4207 Casaubouus.
513 4143 633 4207 Accedit
656 4145 695 4207 ad
720 4145 774 4207 bos
798 4145 876 4223 apud
906 4143 1027 4219 Suidam
1057 4163 1082 4206 s.
1103 4163 1129 4205 v.
1163 4134 1314 4221 litatione

178 4234 397 4321 Agathocles
411 4243 545 4319 Atracius
560 4243 733 4322 ceteroquin
748 4242 934 4323 incognitum
948 4242 1029 4321 quod
1045 4251 1143 4305 autem
1158 4242 1313 4305 Seleucum

178 4351 293 4420 praeter
307 4342 483 4407 Tarsensem
498 4343 606 4406 Suidas
629 4343 721 4407 etiam
741 4343 913 4407 Emisenum
927 4359 951 4402 s.
970 4360 997 4402 ι.
1011 4339 1170 4415 Σέλευκος
1196 4337 1314 4419 exbibet

178 4458 277 4520 neque
290 4461 362 4509 eum,
374 4442 522 4505 halieutici
535 4442 605 4507 libri
620 4443 709 4506 unius
722 4441 866 4509 etsoluto
881 4457 1022 4505 sermone
1035 4440 1137 4522 scripti
1151 4447 1316 4521 auctorem¹

1122 4543 1155 4597 9*
