2962 5010
254 1477 388 1579 Ovidius
412 1517 514 1577 estad
538 1534 626 1596 quem
648 1517 761 1578 vocaris
776 1533 874 1596 neque
890 1524 990 1577 tamen
1002 1515 1123 1578 Ovidius
1146 1525 1200 1577 est.
1246 1517 1304 1578 Res

166 1613 352 1677 admirabilis.
397 1614 519 1676 Scientia
543 1616 622 1676 enim
646 1615 830 1694 antiquitatis
857 1622 891 1675 ut
917 1613 1020 1675 orbem
1044 1634 1131 1676 suum
1161 1616 1306 1694 compleat

166 1713 324 1775 distentior
352 1713 386 1774 ad
422 1713 619 1774 remotissima
648 1715 707 1774 iam
742 1719 881 1791 evagatur
919 1713 1145 1793 comprehendit
1174 1714 1304 1794 dispersa

166 1813 356 1891 insinuatque
377 1812 409 1872 in
431 1811 495 1890 ipsa
518 1819 613 1872 terrae
636 1812 762 1884 viscera3
785 1830 860 1890 quae
883 1829 951 1872 vero
976 1811 1025 1872 diu
1048 1819 1214 1890 comparata
1234 1821 1306 1874 sunt

166 1912 321 1990 iacentque
352 1910 383 1970 in
410 1909 507 1970 medio
534 1910 627 1971 iacere
654 1910 829 1988 neglectiora
856 1910 995 1970 videntur
1022 1917 1052 1970 et
1079 1909 1181 1989 apiarii
1211 1910 1306 1971 no'stri

166 2010 269 2089 apibus
291 2007 477 2088 paucioribus
500 2027 588 2070 curae
610 2028 674 2070 esse
697 2027 785 2088 quam
808 2007 894 2069 lucis.
937 2009 978 2069 lta
1007 2014 1105 2068 autem
1127 2006 1306 2069 factumest

166 2115 200 2168 ut
226 2107 334 2168 reverti
366 2107 517 2168 interdum
546 2108 581 2169 ad
612 2107 781 2168 communia
813 2115 901 2186 atque
935 2106 1059 2167 contrita
1088 2116 1117 2167 et
1145 2108 1247 2168 deceat
1276 2115 1307 2168 et
1411 2112 1413 2116 '

167 2207 321 2268 conducat.
364 2206 424 2285 Ego
452 2224 521 2267 vero
549 2206 677 2267 cumin
700 2205 793 2267 hortis
816 2204 985 2267 cultissimis
1008 2213 1163 2284 poetarum
1186 2205 1307 2267 Latino·

166 2322 233 2366 rum
268 2304 485 2366 deambularem
515 2305 591 2364 inter
620 2305 708 2365 flores
742 2303 869 2365 Nasonis
907 2303 982 2364 male
1012 2304 1135 2364 horrere
1163 2305 1304 2365 carduum

168 2402 423 2464 animadverti-
446 2420 510 2463 rem
533 2422 604 2464 sane
627 2401 838 2475 admirabilem,
862 2401 918 2462 nisi
941 2402 1018 2462 forte
1039 2401 1131 2462 fuisse
1153 2401 1203 2462 ille
1224 2401 1306 2462 vide-

167 2501 248 2563 bitur
276 2502 313 2562 ad
336 2500 559 2580 exstirpandum
588 2500 743 2581 spinosior.
788 2501 884 2579 Atque
905 2499 965 2559 iam
989 2500 1130 2578 consequi
1153 2518 1207 2578 ego
1231 2518 1306 2579 opus

169 2598 299 2662 conabor
321 2599 527 2679 praeteritum3
561 2600 591 2660 in
614 2618 672 2679 quo
694 2607 796 2660 tamen
818 2617 943 2660 munere
964 2598 1133 2660 satisfacere
1155 2617 1203 2659 me
1233 2599 1306 2660 scias

170 2717 231 2759 non
258 2697 354 2758 solum
382 2697 478 2758 studio
501 2697 563 2758 reri
584 2731 626 2741 —
649 2715 717 2758 nam
739 2697 885 2758 interesse
908 2696 1018 2775 aliquid
1041 2698 1119 2758 inter
1141 2695 1229 2758 flores
1251 2697 1308 2758 tri-

169 2797 256 2858 viales
280 2805 310 2857 et
330 2796 501 2856 hortensios
524 2795 609 2855 facile
632 2803 826 2873 cognoscetur
847 2829 901 2868 —‚
924 2795 976 2855 sed
1000 2795 1087 2855 etiam
1110 2794 1307 2873 indignationi

170 2914 253 2956 meae
281 2893 440 2973 pietatique
467 2893 628 2955 clarissimo
657 2894 776 2972 ingenio
799 2893 930 2965 debitae,
962 2892 1108 2972 siquidem
1131 2913 1146 2955 a
1170 2895 1309 2956 divinitus

169 2992 287 3072 scriptis
302 2992 427 3069 <indigna
450 2991 558 3070 pellere
579 2991 725 3071 hodieque
747 2992 792 3053 fas
815 2999 869 3052 est.
915 2991 1028 3051 Plinius
1051 2991 1132 3051 enim
1153 2992 1307 3053 Secundus

169 3091 201 3151 in
222 3088 370 3151 Naturalis
386 3088 532 3149 Historiae
555 3087 630 3149 libro
645 3089 752 3149 XXXll
775 3089 920 3168 excerpsit
937 3088 1020 3149 Ovidi
1043 3097 1146 3168 poetae
1167 3090 1308 3151 volumen

170 3190 249 3269 quod
273 3187 453 3250 halieuticon
475 3186 692 3248 inscribebatur
712 3186 921 3264 ferebaturque
943 3186 1114 3247 incohatum
1136 3187 1172 3249 ab
1193 3205 1309 3248 ecesse

171 3287 272 3349 Tomis
294 3271 441 3366 supremis
463 3285 539 3347 ritae
555 3283 739 3364 temporibus
755 3288 785 3359 (ξ
802 3284 839 3344 11
856 3283 992 3360 et152)3
1013 3285 1094 3345 unde
1109 3291 1190 3345 recte
1206 3302 1309 3346 omnes

172 3387 355 3463 collegerunt
386 3403 448 3447 non
482 3385 648 3446 absolutum
682 3383 790 3444 librum
824 3383 915 3444 fuisse
948 3382 1057 3462 quippe
1084 3383 1133 3463 qni
1162 3384 1311 3445 diceretur

172 3483 336 3545 incohatus.
389 3483 470 3554 Quae
504 3492 603 3544 autem
635 3482 666 3542 in
701 3482 811 3543 nostris
841 3482 925 3543 Ovidi
959 3481 1139 3544 editionibus
1171 3483 1312 3562 leguntur

173 3579 334 3641 halieutica
356 3581 486 3660 primum
508 3599 579 3642 cura
601 3581 717 3660 Georgii
738 3582 811 3661 Logi
833 3600 911 3643 anno
934 3580 1016 3642 1534
1039 3581 1117 3642 edita
1139 3598 1199 3641 non
1221 3581 1312 3642 alium

173 3672 283 3734 librum
312 3695 378 3738 esse
406 3685 496 3758 atque
524 3697 614 3758 quem
641 3680 753 3742 Plinius
777 3680 924 3759 excerpsit
945 3679 1030 3740 facile
1052 3679 1234 3740 intellectum
1257 3686 1311 3740 est.

174 3772 211 3833 Et
240 3771 357 3851 quidem
385 3775 434 3837 hic
460 3794 579 3855 quoque
608 3777 762 3855 fragminis
791 3779 885 3840 instar
917 3784 962 3838 est
991 3777 1184 3856 continetque
1211 3793 1312 3837 versus

175 3887 238 3931 non
259 3870 326 3948 plus
344 3868 414 3930 134.
452 3872 566 3944 Quibus
581 3882 682 3934 tarnen
709 3876 741 3936 in
764 3877 876 3955 optimo
900 3875 1000 3937 codice
1024 3874 1242 3936 Vindobonensi
1264 3874 1310 3934 in·

175 3969 318 4048 scriptum
345 3967 444 4047 potius
471 3969 592 4047 legitur:
619 3989 717 4032 corsus
733 3973 821 4034 Ovidi
839 3973 872 4034 de
888 3975 1013 4052 piscibus
1034 3981 1061 4034 et
1079 3974 1150 4052 feris
1180 3973 1313 4050 itemque

175 4067 207 4127 in
222 4065 372 4139 Parisin03
394 4084 490 4145 neque
511 4066 589 4126 onim
612 4067 715 4128 insunt
735 4069 794 4130 nisi
817 4070 977 4131 nonnullae
994 4071 1030 4130 de
1046 4069 1173 4130 sollertia
1188 4068 1314 4146 piscium

175 4165 299 4226 fabellae
332 4165 511 4244 quibuscum
543 4165 695 4224 terrestria
728 4165 835 4226 deinde
863 4167 999 4227 animalia
1029 4173 1240 4244 comparantur
1261 4165 1313 4226 ad-

176 4263 364 4342 nectiturque
393 4262 566 4343 aquatilium
587 4261 745 4323 nominum
772 4263 935 4342 catalogus3
967 4263 1007 4324 ita
1040 4271 1074 4323 ut
1106 4262 1210 4324 titulus
1243 4281 1314 4342 pro·

177 4362 308 4439 positum
337 4369 442 4439 poetae
464 4362 598 4423 indicans
620 4361 795 4423 immutatus
818 4371 922 4441 postea
946 4380 962 4421 a
985 4359 1106 4423 librariis
1129 4360 1262 4422 videatur
1283 4360 1314 4421 in

229 4460 316 4510 Birt,
335 4459 365 4504 dc
378 4458 522 4504 halieuticis.
1141 4461 1155 4512 l
