2962 5010
657 291 907 359 -40—.

197 469 390 553 mena,quod
420 467 596 547 opusculum
624 467 671 529 bis
692 466 828 529 versibus
851 465 922 526 satis
946 463 1124 544 elegantibus
1147 460 1339 523 terminatum

196 570 299 632 luerit:

298 667 355 727 Tot
376 683 503 726 numero
526 664 636 744 talique
659 665 733 726 deus
756 663 912 728 simulacra
935 661 1029 738 figora

296 764 441 844 Imposuit
463 763 552 835 caelo,
573 781 685 842 perque
708 769 786 822 atras
811 778 911 840 sparsa
938 758 1076 819 tenebras

297 862 378 923 Clara
403 861 561 940 pruinosae
585 861 672 921 iussit
694 861 764 921 dare
786 859 898 920 lumina
922 857 1011 917 nocti.

196 991 293 1053 Sonus
316 989 488 1051 Ouidianns.
524 989 646 1067 Figuras
670 988 819 1051 astrordm
841 988 996 1049 simulacra
1018 987 1066 1046 ille
1089 985 1175 1047 etiam
1199 983 1266 1045 alibi
1288 1002 1342 1043 vo-

196 1089 279 1162 cavit,
303 1089 424 1149 unicum
449 1087 529 1148 hunc
550 1088 649 1148 locum
674 1088 739 1148 diro
755 1086 823 1148 Met.
839 1087 864 1146 ll
883 1085 952 1160 194,
975 1085 1025 1146 ubi
1041 1085 1173 1145 Phaeton
1197 1103 1251 1162 per
1274 1101 1342 1143 cae-

197 1187 257 1248 lum
282 1185 408 1266 agitatus
430 1185 682 1247 videtlvastarum
712 1185 867 1246 simulacra
894 1176 1042 1256 ferarum‘,
1071 1183 1127 1244 boc
1150 1191 1196 1243 est
1216 1183 1342 1251 leonem,
1444 1191 1448 1199 '

197 1304 306 1358 ursam,
329 1285 499 1357 draconem,
523 1283 671 1364 pistricem
695 1285 720 1345 si
744 1303 815 1363 quas
832 1282 901 1344 alias
916 1282 1018 1344 babes.
1056 1281 1217 1343 Addendus
1241 1287 1342 1340 antem

196 1384 278 1444 locus
301 1382 406 1443 tertius
429 1381 500 1456 erit3
526 1382 652 1463 Ariadne
674 1381 705 1442 in
727 1380 889 1442 Heroidll
910 1400 937 1440 v.
954 1379 1067 1460 81sqq.
1092 1379 1172 1440 mille
1195 1377 1342 1458 pereundi

196 1484 304 1560 figuras
327 1480 420 1542 videt:
450 1481 474 1541 si
497 1498 576 1542 mare
599 1479 812 1560 prospiciebat,
840 1478 952 1558 phocae
975 1480 1142 1553 minantur,
1173 1479 1198 1539 si
1219 1487 1340 1547 terram,

198 1580 259 1660 lupi
283 1581 382 1640 leones
405 1578 537 1657 tigrides.
582 1578 719 1675 Pergitur
742 1598 767 1638 v.
785 1577 843 1639 95:

394 1693 514 1754 Caelum
537 1692 682 1754 restabat:
706 1692 798 1753 timeo
822 1689 976 1753 simulacra
1001 1690 1137 1762 deorum,

196 1804 299 1883 ltaque
314 1803 420 1865 mundi
436 1802 575 1885 tripartiti
590 1804 704 1864 eaelum
726 1803 864 1864 omittere
880 1803 976 1864 noluit
990 1810 1087 1882 poeta,
1110 1801 1147 1862 cf.
1164 1803 1227 1864 Art.
1243 1802 1267 1862 ll
1284 1801 1341 1863 37:

197 1900 297 1963 Restat
315 1906 369 1965 iter
393 1902 473 1963 coeli.
519 1901 576 1963 Sed
600 1900 756 1964 simulacro
783 1903 901 1964 deorum
921 1901 1062 1975 absurda3
1085 1901 1156 1980 quid
1179 1900 1259 1961 enim
1281 1908 1341 1962 sta-

197 2010 266 2062 tuae
288 2001 324 2062 ad
347 1997 482 2062 caelum?
506 2001 577 2080 quid
593 2000 628 2061 ad
644 1998 808 2062 timorem?
836 2002 949 2062 Sensus
976 1999 1023 2060 bic
1046 1999 1144 2079 potius
1167 1998 1222 2059 fuit
1238 2017 1343 2078 quam-

196 2098 240 2160 vis
261 2098 399 2177 frigidus:
427 2098 541 2159 caelum
572 2097 670 2159 videre
696 2099 842 2159 restabat:
872 2098 923 2159 sed
955 2098 999 2158 vel
1027 2097 1226 2158 simulacra
1253 2096 1341 2157 timeo

198 2197 336 2258 ferarum.
374 2196 476 2274 ltaque
498 2203 549 2256 aut
571 2197 727 2257 simulacro
750 2196 863 2257 leonum
888 2195 1085 2276 restitue,aut
1108 2196 1237 2257 acutius:
1260 2197 1342 2255 timeo

196 2292 354 2356 et'mulocro
369 2296 504 2354 timorum
510 2319 521 2369 ,-
545 2293 740 2372 nequeenim
760 2292 808 2353 bic
830 2311 912 2354 error
936 2293 1134 2365 librariorum,
1158 2293 1208 2354 sed
1225 2295 1341 2374 stupida

197 2391 386 2473 interpolatio
409 2399 462 2452 est.
501 2391 635 2472 Denique
656 2392 744 2453 etiam
762 2392 811 2452 bic
833 2401 911 2453 astra
930 2392 1085 2454 simulacra
1102 2392 1250 2453 dicuntur.
1286 2392 1340 2453 Ce-

197 2499 293 2553 terum
318 2509 551 2552 commemorare
582 2492 635 2552 has
659 2490 803 2552 Ariadnae
826 2491 962 2570 querelas
994 2499 1185 2572 praepostere
1214 2491 1340 2572 scriptas

196 2607 258 2649 non
273 2588 356 2649 decet
379 2587 439 2649 nisi
464 2596 497 2650 ut
520 2588 557 2650 de
573 2609 641 2650 vero
657 2597 737 2650 statu
763 2590 818 2650 loci
843 2592 887 2651 vel
902 2598 1126 2652 transcurrente
1142 2590 1341 2670 disputatione

198 2685 355 2748 monearis.
399 2687 471 2748 Post
487 2707 513 2748 v.
531 2687 571 2748 87
594 2687 744 2749 intercidit
767 2698 817 2749 aut
842 2689 908 2769 plus
930 2697 981 2751 aaut
999 2709 1078 2750 unus
1102 2688 1205 2750 saltem
1234 2695 1340 2769 penta-

197 2791 294 2845 meter
321 2803 380 2865 quo
406 2783 501 2864 pisces
527 2795 644 2865 praeter
670 2788 778 2866 phocas
806 2787 893 2847 etiam
921 2787 969 2847 alii
998 2787 1220 2848 inducebantur.
1265 2786 1340 2847 Tum

198 2881 401 2961 sequebantur
423 2902 467 2943 vv.
491 2883 636 2945 93-98.
687 2884 771 2945 Tunc
799 2886 971 2946 hexameter
999 2885 1107 2945 excidit
1135 2901 1228 2954 unns,
1255 2904 1344 2963 qoem

198 2979 383 3059 excipiebant
398 3000 443 3040 vv.
460 2978 593 3042 88-92.
633 2980 746 3055 Quibus
766 2982 865 3043 statim
890 2982 1030 3043 adnexuit
1051 2990 1137 3062 poeta
1162 3001 1280 3043 versum
1302 2982 1342 3043 99
1449 2997 1450 3000 ’

198 3086 227 3139 et
250 3077 412 3158 sequentia.
458 3078 549 3141 Cuius
576 3081 724 3141 rationem
752 3080 853 3142 iudicii
881 3080 939 3141 mei
967 3087 1001 3141 ut
1027 3081 1164 3160 explicari
1187 3079 1257 3140 huic
1278 3079 1342 3141 loco

197 3194 303 3256 parum
327 3174 480 3247 convenit,
509 3177 549 3239 ita
573 3177 666 3258 ipsam
693 3198 724 3240 se
752 3178 806 3239 tibi
830 3178 994 3239 oblaturam
1018 3197 1082 3239 esse
1105 3196 1202 3256 spero.
1227 3179 1341 3237 -Al-

197 3283 293 3335 terum
317 3274 596 3337 Phaenomenorum
621 3276 790 3357 compendii
820 3281 1020 3354 fragmentum
1043 3275 1119 3355 apud
1143 3272 1274 3335 Probum
1298 3283 1342 3336 est

198 3372 234 3433 ad
253 3371 360 3451 Vergili
384 3372 489 3452 Georg.
506 3372 518 3432 l
537 3370 610 3434 138:
635 3374 755 3435 Ovidius
776 3377 807 3434 in
830 3373 879 3434 rt.
903 3375 998 3434 dicens
1021 3373 1053 3433 dc
1076 3372 1192 3434 Perseo:

361 3481 493 3543 Pleiades
517 3491 585 3544 ante
608 3501 702 3561 genus
725 3491 838 3562 septem
861 3483 974 3544 radiare
997 3483 1136 3544 feruntur

363 3579 422 3640 Sed
445 3588 544 3640 tamen
567 3590 689 3660 apparet
710 3580 767 3642 sub
791 3600 881 3661 opaca
903 3580 1026 3661 septima
1051 3579 1140 3643 nube.

198 3704 322 3765 Radiant
351 3704 474 3784 scilicet,
491 3711 560 3766 ante
590 3704 689 3766 Persei
724 3723 802 3784 genu
831 3707 955 3767 laevum.
1008 3707 1093 3780 Quod
1122 3707 1148 3768 si
1176 3705 1341 3768 indubitata

197 3802 281 3863 lectio
306 3821 395 3882 panus
411 3810 464 3875 est,
489 3803 690 3883 reputandum
706 3822 841 3884 propono
869 3806 948 3884 quod
965 3805 1065 3866 Cicero
1082 3824 1200 3886 quoque
1222 3805 1342 3884 scripsit

197 3899 227 3960 in
253 3900 366 3961 Arateis
390 3920 415 3960 v.
434 3900 490 3961 27:
513 3901 549 3962 At
567 3912 685 3981 propter
708 3904 822 3965 loevam
841 3922 931 3984 pertus
956 3904 1079 3983 (Persei)
1103 3909 1182 3967 omni
1202 3921 1239 3963 ecc
1257 3913 1341 3982 purte

198 3997 306 4059 locutos
328 3997 438 4060 Porcus
460 3999 598 4077 Verqilios
622 4019 683 4080 eqs.
707 4001 756 4080 (cf.
772 4002 881 4064 ibidem
903 4022 929 4063 v.
946 4004 1015 4085 45);
1037 4004 1108 4082 fingi
1131 4009 1229 4083 potest
1250 4001 1341 4077 igitur

197 4096 344 4157 Nasonem
367 4097 586 4159 adulescentem
610 4098 641 4159 in
664 4099 735 4161 ludo
757 4100 912 4163 rhetorum
936 4103 1045 4163 artiore
1072 4101 1166 4180 spatio
1190 4099 1340 4160 Ciceronis

199 4211 274 4272 opus
298 4196 567 4275 comprehendisse.
606 4199 692 4259 Certe
714 4217 782 4259 cum
798 4200 993 4279 provectioris
1015 4198 1085 4260 artis
1102 4197 1238 4276 operibus
1260 4197 1339 4257 istud

199 4293 339 4370 componi
362 4295 537 4373 opusculum
554 4297 656 4358 nolim.
672 4330 712 4340 -
735 4296 832 4378 Atque
847 4296 1065 4358 adulescentiae
1080 4295 1205 4356 alterum
1221 4313 1340 4375 qnoque

199 4392 374 4469 opusculum
397 4394 544 4472 estquod
568 4396 603 4455 ad
632 4394 729 4455 studia
751 4414 850 4457 severa
876 4394 966 4473 magis
987 4412 1076 4472 quam
1098 4393 1133 4454 ad
1156 4393 1255 4453 lusum
1278 4392 1341 4453 ele-
