2962 5010
630 352 681 363 ...
721 319 794 383 rag
840 356 883 369 ..

181 489 294 551 smaris
316 492 448 553 lamirus.
491 492 566 554 ilinc
588 501 687 555 autem
710 512 800 574 porro
821 497 983 576 explicatur
1004 496 1074 576 quid
1097 498 1137 559 sit
1157 496 1230 561 illud
1252 502 1328 581 quod

188 586 349 669 Hesychius
365 589 468 652 scribit
487 586 814 675 λαρινοιτονιιιῐροον·
837 589 870 656 οἱ
894 589 1001 667 ἁλιεῖς
1020 593 1078 657 τὸν
1099 593 1137 676 dar
1156 593 1291 672 λεονέοις
1311 595 1329 681 ἢ

186 688 305 767 pirum
327 688 438 771 quippe
461 684 580 772 κύριον
595 691 724 752 eundem
741 691 893 772 Oppianus
909 712 1029 773 quoquo
1043 695 1106 755 loco
1129 695 1197 774 ipso
1219 697 1272 776 qui
1294 698 1332 759 de

186 784 279 846 larino
303 796 348 850 est
371 798 401 850 et
422 789 531 869 cogitat
554 796 584 850 et
604 790 670 851 fuse
693 789 852 863 describit,
879 791 948 871 quie
969 792 1016 853 ille
1037 811 1097 872 quo
1118 793 1330 872 pisciculorum

186 883 370 947 minutorum
394 906 501 968 magna
517 889 601 968 copia
619 889 752 968 capiatur
774 898 803 951 et
826 908 950 969 magnus
973 890 1097 953 debebat
1119 910 1184 953 esse
1205 901 1235 953 et
1257 893 1334 955 sub-

184 980 276 1043 tiliter
304 1001 407 1047 nexus.
452 987 488 1048 Et
518 989 574 1048 boo
601 988 720 1067 quidem
743 998 844 1051 contra
867 989 1010 1051 Schmidti
1040 990 1264 1051 adnotationem
1292 992 1331 1053 ad

183 1077 310 1159 Hesycbi
332 1079 465 1167 λάρινος
487 1087 670 1165 disputatum
693 1093 747 1149 est

268 1179 327 1241 ianr
351 1182 424 1246 baec
445 1194 622 1265 sequantur:
647 1186 808 1266 'collyris
831 1186 922 1263 (varia
938 1184 1024 1246 lectio
1046 1183 1172 1263 ecligma
1192 1185 1331 1266 estigiis)

181 1276 380 1341 asellorum
414 1284 559 1361 generis
587 1283 623 1344 ni
650 1282 767 1345 minor
787 1291 908 1357 essetr
942 1279 1091 1363 κολλορὶς
1113 1302 1212 1363 neque
1234 1285 1330 1365 piscis

180 1375 332 1438 dicebatur
364 1399 460 1460 neque
494 1383 536 1443 rel
570 1401 624 1462 pro
657 1401 734 1462 pane
775 1382 831 1442 uisi
867 1382 938 1442 locis
971 1381 1179 1445 abiectioribus
1212 1383 1328 1447 dictum

178 1475 318 1537 cernitur.
363 1479 405 1540 Nc
438 1491 538 1543 tamen
572 1480 731 1544 subvenias
765 1479 949 1560 corruptelae
984 1480 1169 1559 Hesychiano
1202 1482 1329 1543 nomine

178 1569 324 1653 νίρολοςς
355 1594 425 1639 nam
448 1580 511 1659 ipse
542 1580 717 1642 callarius
740 1579 857 1658 agnitus
880 1579 937 1641 iam
961 1598 976 1640 a
1000 1579 1133 1641 Gesnero
1157 1587 1212 1641 est
1259 1580 1327 1654 om

177 1671 214 1732 de
236 1673 399 1753 scriptione
421 1685 454 1738 ut
476 1696 514 1740 ne
536 1679 613 1740 forte
636 1680 665 1740 in
688 1677 872 1739 dubitatione
894 1677 1035 1756 prers'utas
1058 1677 1123 1738 vide
1142 1676 1325 1756 Hesychium

177 1772 325 1850 praeclare
359 1777 596 1856 conspirantem:
634 1774 794 1857 γαλαρλας
832 1773 947 1852 ἰχθύς,
983 1771 1001 1837 o‘
1034 1770 1217 1846 ὀνίσκος,
1253 1794 1324 1839 111111

65 1914 68 1919 .
176 1879 275 1931 tamen
298 1873 385 1935 etiarn
407 1877 529 1937 tenuior
552 1876 685 1938 nominis
712 1893 805 1936 sonus
828 1873 973 1953 Hesychio
1002 1873 1078 1934 bene
1105 1881 1194 1934 notus
1216 1873 1321 1935 luerit:

175 1965 323 2052 λαζλνης·
360 1971 556 2055 χαραδρίας·
594 1973 775 2053 καλλαρλας
807 1969 915 2050 ἰχθύς.
971 1973 1084 2034 Plinius
1106 1971 1194 2032 etiam
1216 1970 1257 2031 lx
1280 1972 1317 2033 61

172 2067 271 2142 (ouius
295 2069 351 2130 loci
376 2071 507 2135 doctrina
531 2073 647 2147 eadem,
682 2091 738 2134 nec
771 2078 869 2135 maren
904 2071 978 2133 alter
1012 2091 1047 2130 ex
1080 2070 1171 2132 altero
1206 2070 1320 2144 llnxitl:

173 2166 328 2228 ocellorum
360 2170 417 2230 deo
448 2189 563 2250 pareo,
596 2172 693 2233 colitis·
720 2170 777 2244 (rel
804 2169 914 2248 collam)
941 2172 1075 2231 ιιιίιιονιι.
1121 2169 1162 2229 lta
1196 2168 1318 2247 quidem

174 2262 254 2334 libri3
287 2267 368 2346 atqui
402 2268 509 2331 mutari
532 2288 634 2347 graeca
657 2288 708 2330 ore
739 2269 941 2330 Romanorum
969 2285 1041 2329 sane
1074 2274 1221 2347 poterent,
1256 2285 1318 2329 non

173 2372 291 2439 poterat
312 2365 400 2427 simul
417 2367 523 2429 collim'e
537 2367 704 2447 singularis,
725 2368 815 2429 simol
831 2367 925 2428 collari
938 2365 1057 2445 pluralis
1073 2364 1181 2426 ellerri.
1214 2364 1317 2444 imque

172 2459 311 2522 cellarios
332 2463 363 2524 in
386 2465 461 2527 libro
484 2484 564 2529 nono
586 2468 661 2528 duce
683 2466 873 2528 Riecardiano
896 2466 971 2527 libro
993 2464 1211 2527 restituendum
1234 2473 1289 2525 est.

257 2559 384 2640 lepris
417 2581 527 2627 nomen
560 2565 747 2627 betlelsenus
781 2565 914 2644 reposuit
949 2563 1084 2643 quamvis
1116 2578 1227 2625 nomen
1260 2562 1315 2625 lice

171 2657 308 2735 aquatilis
343 2679 403 2722 non
438 2682 502 2725 esse
540 2664 683 2726 monitus.
739 2664 770 2725 ln
803 2663 1013 2742 bambergensi
1048 2662 1128 2723 iuxta
1162 2653 1316 2740 ponuntur

170 2755 290 2816 lacuna
317 2758 425 2838 alapas,
460 2762 489 2821 in
524 2762 646 2842 reliquis
680 2762 797 2824 lacuna
824 2763 910 2842 lepus
937 2760 1109 2840 (Vossianus
1137 2758 1265 2839 1111111111·
1299 2778 1314 2820 11

169 2852 283 2932 Silligio
314 2872 384 2918 sana
414 2859 527 2920 ratione
561 2862 694 2923 lammae
725 2862 811 2940 lepor,
850 2878 947 2939 neque
981 2859 1060 2921 enim
1094 2857 1225 2921 alienum
1259 2858 1315 2919 lroc

169 2960 334 3015 ostrearum
358 2972 453 3035 genus
475 2968 521 3021 est
542 2959 579 3020 ab
602 2959 698 3022 iudice
721 2969 833 3022 nostro.
872 2959 986 3020 lamen
1007 2955 1120 3037 requiri
1142 2974 1201 3036 quo
1223 2955 1313 3019 etiem

167 3048 256 3130 lepras
283 3052 369 3115 lectio
402 3057 613 3136 explanaretur
641 3059 730 3119 lanus
763 3057 914 3138 perspexit
945 3055 1097 3135 ediditque
1132 3053 1313 3119 rectissime:

165 3147 286 3212 lacerno
306 3151 442 3233 inlapsum·
473 3154 516 3218 lte
540 3157 622 3219 enirn
643 3156 822 3237 Hesychius:
856 3153 1010 3236 λιλεπρὶς
1044 3149 1145 3231 ἰχθὺς
1171 3147 1313 3235 morderi

167 3244 351 3333 καλουμένη
376 3255 483 3334 φυκίς.

253 3347 357 3428 Neque
389 3349 474 3413 aliter
507 3354 653 3433 agendum
688 3372 754 3415 esse
784 3353 821 3413 de
843 3352 1015 3415 nominibus
1036 3348 1164 3411 arbitror
1185 3365 1312 3430 corrup·

166 3442 280 3505 tissime
314 3448 427 3509 traditis
460 3451 513 3511 sed
541 3452 572 3512 in
596 3451 803 3530 bambergensi
835 3452 910 3512 libro
933 3448 1116 3530 planioribus
1139 3446 1203 3507 bis:
1234 3446 1313 3509 solor

164 3545 293 3604 miceam
313 3547 492 3623 rciededeus3
515 3551 593 3611 unde
616 3552 697 3611 euim
720 3549 797 3612 soles
818 3550 898 3611 nasei
921 3548 1051 3629 potuerit
1067 3545 1233 3608 ridendum
1255 3554 1310 3607 est.

165 3639 293 3702 Obvenit
307 3642 509 3723 llesycbianus
525 3641 653 3726 σάλαγξ
676 3646 774 3727 ἰχθὺς
796 3643 943 3730 ἀγαθός
965 3648 1064 3726 itaque
1079 3642 1311 3724 probabiliorem

164 3747 245 3800 certe
261 3743 475 3804 correctionem
489 3745 543 3807 bac
558 3764 623 3808 mea
640 3748 711 3829 tingi
722 3750 768 3809 rix
781 3748 906 3830 poterit:
928 3745 1026 3807 sulen.
1038 3747 1160 3805 sesama.
1170 3740 1310 3805 sciamus.

164 3837 1309 3927 opudHesychinmautemqoaiurefalsoseriptumdyaedcessesmmiduo

164 3936 258 3997 visum
281 3939 405 4000 sitnon
438 3960 601 4023 assequor3
634 3955 715 4007 certe
747 3947 857 4008 ibidem
890 3944 926 4007 ed
957 3939 1068 4021 ἐχῖνοι
1095 3939 1240 4018 seriptum
1262 3947 1310 3999 est

165 4028 249 4103 ζῶον
269 4034 462 4101 θαλάσσιον
482 4037 694 4123 ἐδώδιμον,
716 4047 751 4107 ed
774 4037 890 4124 λύχνος
912 4044 983 4105 item
1002 4035 1100 4116 ἰχθὺς
1122 4032 1308 4111 κάλλιστος,

163 4130 193 4190 in
217 4136 348 4214 catalogo
371 4137 447 4199 Plini
468 4139 505 4200 ad
527 4140 673 4203 citiarum
697 4144 881 4206 rtombornm
900 4143 1012 4221 peonis
1031 4137 1181 4219 pesitus.

247 4232 306 4293 leui
341 4252 411 4295 reru
445 4237 508 4298 vide
541 4239 691 4301 audaciam
730 4260 843 4318 meem3
880 4256 1002 4321 prorsus
1041 4250 1149 4297 norum
1185 4232 1306 4311 aliquod

160 4345 272 4390 nomen
288 4330 341 4391 tibi
359 4332 505 4410 ottingam.
530 4335 603 4396 Nam
616 4341 747 4418 pectides
762 4350 842 4401 certe
857 4338 928 4400 illud
945 4338 1005 4409 int
1020 4333 1078 4393 1511
1095 4339 1124 4393 et
1138 4330 1306 4393 inauditum

160 4428 285 4490 omnino
315 4440 345 4490 et
370 4430 574 4512 inexplicabile
596 4437 759 4513 genunium
781 4449 886 4518 putare
909 4437 975 4517 quis
1000 4442 1130 4499 mantem
1159 4424 1304 4493 1111111111
