2962 5010
624 293 847 358 -9q..

164 474 221 536 tert
244 472 419 535 Plutarchus
436 470 497 532 974
512 472 550 533 B:
572 465 666 545 κύνες
689 466 726 532 δὲ
748 465 821 548 πόᾳ
840 466 908 533 τινὶ
931 468 1151 549 καθαίροντες
1172 459 1311 537 ἑαυτοὺς

163 569 379 653 χολεριῶντας
401 577 489 650 atque
511 568 573 630 974
594 569 630 630 C:
651 567 708 650 τῆς
729 563 759 629 ι’
783 568 881 650 ἴβεως
903 565 960 630 τὸν
981 560 1198 646 ὑποκλυσμὸν
1220 555 1309 647 ἅλμῃ

164 670 411 752 καθαιρομένης
436 663 623 745 Αἰγύπτιοι
645 665 795 732 συνιδεῖν
823 665 880 729 καὶ
902 656 1119 748 μιμήσασθαι
1142 660 1310 741 λέγουσιν.

250 766 350 840 Quid?
373 768 452 848 quod
476 786 551 847 quae
573 765 684 829 ibidem
706 767 808 829 Cicero
831 775 932 828 narrat
954 782 1056 845 capros
1076 761 1312 843 nereensem

165 889 230 931 cum
251 879 340 931 essem
363 869 494 948 confisae
515 870 661 930 venenatis
682 869 790 946 sagittis
817 866 936 928 λιινοοιιι
969 881 1109 946 quaerere
1141 879 1213 942 queo
1246 862 1312 923 dic-

165 976 461 1038 temnentemque,
484 984 571 1046 quom
594 985 658 1027 ιιιοι
672 968 859 1044 gustavissent
873 968 989 1044 sagittus
1003 963 1133 1026 emcidm
1156 961 1272 1038 [dicuat]
1297 979 1313 1021 e

165 1085 290 1147 corpore,
313 1066 488 1126 Plutarchus
503 1063 652 1144 praeclare
668 1064 773 1124 eadem
788 1063 852 1125 974
866 1063 905 1125 D:
929 1057 966 1123 ai
987 1058 1025 1124 δὲ
1042 1055 1202 1142 Κρητικαὶ
1219 1057 1312 1135 αἶγες

165 1158 245 1227 ὅταν
267 1163 304 1226 τὸ
334 1160 494 1244 diurnum}
522 1159 693 1243 φάγωσιν,
723 1156 944 1243 ἐκβάλλουσαι
972 1157 1014 1222 cci
1040 1153 1223 1239 τοξεύματα
1249 1153 1313 1239 ρᾳ-

165 1262 245 1335 cleg
262 1308 268 1323 .
287 1307 295 1324 .
311 1307 319 1323 .
336 1309 344 1324 .
360 1255 415 1325 ἐπ’
440 1255 536 1324 οὐδὲν
564 1257 626 1342 γὰρ
655 1255 736 1322 ἄλλο
765 1261 953 1342 τρωθεῖσαι
981 1259 1139 1341 φέρονται
1169 1252 1225 1317 καὶ
1255 1249 1312 1336 ζη-

164 1360 260 1424 τοῦσι
283 1358 339 1421 καὶ
362 1354 521 1422 διώκουσι
543 1358 580 1422 τὸ
605 1356 774 1441 δίκταμνον,
819 1358 967 1432 Quanto
988 1377 1027 1420 se
1051 1373 1161 1437 opere
1184 1360 1313 1417 custo-

166 1459 272 1520 diant
300 1457 445 1520 bestiae
468 1457 581 1534 (Cicero
606 1458 683 1532 126)
708 1458 875 1536 exemplum
898 1456 1059 1538 Chrysippo
1085 1456 1179 1518 fuisse
1200 1470 1313 1532 grues

166 1558 313 1630 videntur,
346 1557 418 1618 item
451 1575 604 1619 anseres
628 1556 717 1636 (Plut.
733 1575 763 1637 p.
780 1555 840 1618 967
857 1557 902 1636 Β),
935 1556 1007 1618 item
1039 1556 1190 1635 lepores
1219 1551 1313 1631 (Plut.

166 1676 193 1737 p.
212 1655 270 1716 971
288 1655 334 1735 n).
380 1656 561 1718 Nidorum
584 1656 933 1719 construendorum
956 1655 1026 1728 (Cic.
1046 1654 1119 1732 129)
1142 1650 1313 1730 exemplum

167 1754 256 1817 habet
279 1754 452 1818 Plutarchus
480 1775 509 1834 p.
532 1755 593 1818 966
617 1754 648 1815 n.
693 1755 775 1816 Sicut
807 1755 920 1817 caudae
952 1772 1039 1815 causa
1072 1770 1238 1833 pavonem,
1269 1749 1313 1810 ita

168 1854 307 1934 quasdam
331 1873 398 1915 aves
420 1872 520 1915 rerum
543 1854 783 1933 augurandarum
817 1871 906 1915 causa
940 1871 1006 1914 esse
1039 1857 1124 1914 natas
1157 1856 1187 1911 et
1210 1848 1337 1910 Cicero.

167 1960 320 2032 acceperat
339 1948 360 2026 ’ξ
378 1952 437 2014 169
460 1961 489 2014 et
511 1953 688 2015 Plutarchus
710 1972 739 2033 p.
756 1952 818 2014 975
834 1951 868 2012 Α.

252 2051 356 2112 Nescio
377 2070 449 2113 num
473 2052 532 2112 iam
548 2053 594 2114 his
615 2051 771 2130 diligenter
784 2051 939 2130 perpensis
956 2051 992 2112 de
1007 2048 1168 2129 Chrysippo
1184 2047 1313 2108 istarum

168 2149 367 2210 sollertiarum
395 2150 571 2229 sospitatore
598 2148 738 2230 primario
754 2167 931 2228 summoque
946 2149 1022 2229 apud
1039 2151 1313 2227 posteros-anctore

168 2266 265 2309 meam
290 2247 345 2310 tibi
361 2249 541 2311 sententiam
557 2249 604 2311 cui
619 2265 681 2309 non
696 2248 756 2309 vidi
776 2267 830 2326 ego
854 2268 912 2328 quo
927 2255 1013 2328 pacto
1035 2265 1084 2308 me
1104 2243 1313 2319 subtraherem

167 2346 375 2425 persuaserim.
420 2346 483 2418 Qua
509 2346 629 2427 quidem
649 2347 839 2409 corroborata
859 2346 910 2426 qui
939 2346 971 2407 in
998 2345 1147 2408 Ciceronis
1176 2350 1313 2406 auctores

168 2444 363 2525 philosophos
392 2445 549 2525 inquirant
578 2445 687 2506 mirum
717 2453 863 2525 quantum
894 2445 1121 2508 adiuvabuntur.
1171 2443 1204 2505 Si
1233 2441 1314 2502 enirn

169 2543 351 2622 Chrysippus
381 2552 426 2605 est
456 2563 492 2606 ex
522 2563 581 2624 quo
611 2551 702 2605 totam
734 2543 810 2605 hanc
839 2542 1011 2605 animalium
1048 2541 1213 2603 sollertium
1251 2540 1313 2602 col-

98 2657 102 2664 ·
167 2642 326 2704 lectionem
354 2642 515 2705 extraxerit
542 2643 653 2716 Cicero,
681 2643 770 2704 etiam
796 2642 908 2721 reliqua
929 2641 1037 2722 quibus
1058 2659 1124 2701 eam
1145 2637 1315 2718 praeparari

170 2741 324 2803 docuimus
350 2760 406 2803 nec
432 2760 493 2803 non
519 2740 732 2820 subsequentia
759 2747 856 2820 tracta
878 2758 914 2802 ex
935 2741 1039 2802 ecdem
1060 2737 1222 2818 Chrysippo
1246 2754 1314 2815 esse

168 2858 290 2902 necesse
320 2847 374 2902 est.
419 2841 492 2903 Tam
522 2848 585 2902 arte
615 2839 715 2900 omnia
742 2839 901 2901 cohaerent
931 2847 959 2900 et
988 2835 1192 2918 philosophica
1219 2834 1312 2896 ratio·

170 2937 318 2999 cinatione
334 2938 518 3018 colligantur.
548 2941 688 3001 Attamen
704 2939 776 3000 mihi
798 2938 907 3000 librum
922 2938 1002 2999 hunc
1017 2938 1052 2998 de
1068 2945 1172 2998 natura
1188 2934 1313 2996 deorum

170 3037 295 3098 alterum
309 3037 416 3099 idonea
432 3045 648 3118 pertractatum
665 3037 817 3117 diligentia
832 3036 1015 3115 angustiores
1031 3036 1124 3114 ipsius
1148 3032 1312 3095 occasionis

170 3136 246 3196 fines
273 3135 391 3198 officere
417 3137 510 3198 video.
556 3136 643 3198 Nunc
668 3136 740 3197 haec
759 3141 886 3197 tantum.
932 3134 1028 3214 Atque
1048 3131 1202 3213 Chrysippi
1223 3131 1314 3193 libros

170 3234 372 3314 pervolutatos
387 3236 518 3298 Senecae
535 3237 571 3297 ad
587 3253 711 3297 manum
727 3235 864 3297 Ciceroni
879 3252 1000 3315 quoque
1018 3232 1149 3314 potuisse
1165 3249 1232 3294 esse
1246 3229 1314 3309 quis

170 3333 372 3396 initiabitur?
401 3337 435 3397 ln
459 3336 632 3398 universum
655 3343 754 3397 autem
771 3342 804 3396 ut
820 3333 980 3415 disputem,
1003 3333 1028 3394 si
1044 3333 1144 3394 Cicero
1161 3329 1314 3411 Epicureis

171 3450 323 3511 opponere
349 3433 519 3496 Stoicorum
546 3435 581 3496 de
608 3434 670 3495 deis
697 3434 800 3513 placita
828 3434 953 3504 volebat,
984 3450 1074 3512 quem
1099 3431 1198 3511 aptius
1224 3447 1315 3511 quam

171 3531 366 3612 Chrysippum
383 3540 433 3595 aut
450 3533 573 3594 omnino
589 3551 678 3613 quem
701 3532 791 3594 alium
806 3540 925 3612 praeter
940 3531 1137 3612 Chrysippum
1161 3546 1314 3609 opponere

170 3630 227 3691 illis
242 3636 360 3709 poterat
375 3632 627 3693 conformatorem
643 3631 732 3691 Stoae
748 3648 851 3691 verum
875 3637 905 3692 et
926 3631 1065 3709 sineque
1081 3629 1153 3690 Stoa
1174 3645 1213 3688 ne
1234 3632 1316 3688 esset

135 3723 143 3738 '
171 3726 317 3810 quidem?
345 3729 392 3791 dn
413 3730 520 3809 placita
535 3728 654 3790 Panaeti
677 3737 709 3789 ut
731 3745 827 3790 unum
850 3729 1003 3789 nominem
1019 3727 1083 3789 eius
1104 3725 1157 3807 qui
1170 3744 1225 3787 suo
1244 3741 1316 3785 sane

170 3837 306 3909 tempore
332 3829 490 3908 „princeps
514 3827 629 3889 Stoicae
654 3826 848 3907 disciplinae“
876 3825 946 3905 (Cic.
965 3827 1001 3888 do
1016 3826 1080 3888 Dir.
1095 3825 1109 3884 l
1123 3825 1158 3904 4)
1183 3823 1242 3886 tuit
1263 3822 1316 3884 sed

172 3929 208 3989 de
224 3927 324 3988 multis
341 3926 429 3989 rebus
445 3926 608 3988 dissidebat
623 3943 677 4005 pro
693 3925 800 3987 Stoicis
817 3926 930 4006 placitis
943 3920 1018 3987 κατ’
1041 3921 1156 4007 ἐξοχὴν
1179 3922 1315 3984 hocloco

170 4027 279 4088 habere
304 4021 430 4086 licebat?
459 4025 555 4105 Atque
582 4022 657 4086 miro
685 4026 775 4087 modo
800 4024 937 4086 subvenit
957 4023 1037 4104 quod
1062 4041 1117 4102 pro
1143 4019 1316 4083 auctoribus

172 4124 324 4186 doctrinae
338 4122 370 4183 in
386 4129 449 4184 toto
472 4123 529 4184 hoc
551 4121 627 4184 libro
649 4122 773 4185 alterna
790 4122 933 4185 Cicerone
955 4121 1085 4184 citantur
1099 4120 1179 4182 Zeno
1202 4119 1316 4198 primus

171 4223 320 4286 secundus
336 4222 502 4295 Cleanthes,
529 4221 664 4303 plurimis
689 4229 789 4284 autem
809 4221 881 4284 locis
901 4220 1005 4282 tertius
1021 4218 1203 4299 Chrysippus
1218 4234 1316 4297 neque

172 4331 289 4402 praeter
315 4322 370 4383 bos
396 4328 446 4384 aut
471 4331 538 4401 post
559 4321 754 4402 Chrysippum
782 4320 833 4400 qui
853 4319 987 4381 docuerit
1008 4326 1131 4398 quartus
1147 4317 1314 4397 quisquam.

172 4420 315 4481 Posidoni
331 4418 442 4480 scilicet
457 4438 546 4498 quem
562 4419 696 4497 quamvis
719 4419 913 4492 ‚tamiliarem
928 4413 1096 4505 σιωπή-ἐν
1110 4411 1316 4498 παραβάσει
