2962 5010
625 298 842 363 ..34-

165 479 306 560 pisciculo
332 477 455 556 legimus
482 510 523 519 -
550 484 600 538 aut
625 494 749 557 prorsus
776 475 903 537 absurde
928 474 985 537 hoc
1005 472 1117 536 dictum
1138 480 1183 534 est
1211 473 1248 534 de
1277 491 1317 534 eo

166 593 255 658 quum
271 577 381 640 scimus
396 574 523 638 audiisse
542 573 601 637 τὸν
615 569 921 656 πολυγραφώτατον
942 580 994 635 aut
1007 572 1048 634 ita
1065 578 1097 634 ut
1112 569 1317 650 supplendum

168 682 249 737 esset
279 674 434 753 cogitando
465 667 486 736 ό
515 672 580 735 τόν
612 669 742 751 ἶχθύων
772 673 818 734 vel
847 667 867 735 ot
896 670 960 734 τῶν
993 666 1083 754 ζήλων
1113 665 1249 733 πάντων
1279 668 1318 731 τὸ

167 772 326 835 πλεῖστον
341 765 550 843 ἐξαναλώσας
566 789 627 850 eqs.
642 806 685 813 —-
700 779 730 832 et
745 769 866 850 quidem
886 769 982 850 pisces
1004 767 1083 830 inter
1101 769 1157 829 ista
1178 766 1318 831 animalia

165 873 264 952 plures
284 870 415 932 adfuisse
437 867 521 930 facile
537 868 572 929 ad
589 868 771 930 credendum
787 877 841 930 est.
878 867 990 928 Eodem
1005 865 1036 927 id
1052 866 1162 928 ducere
1177 865 1318 929 videatur

167 973 246 1052 quod
270 970 360 1031 etiam
376 968 520 1033 omissum
536 987 551 1030 a
568 968 730 1048 Chrysippo
745 967 857 1048 piscem
873 985 938 1029 esse
954 965 1081 1045 scriptor
1102 971 1213 1027 monet.
1250 965 1318 1026 lam

166 1070 296 1151 primum
330 1088 365 1130 eo
396 1067 534 1148 pellimur
559 1075 594 1128 ut
620 1066 750 1147 Oppiani
781 1067 870 1128 etiam
900 1067 938 1128 de
966 1065 1103 1145 pinotera
1133 1082 1319 1128 consensum

168 1186 360 1250 quaeramus3
394 1167 445 1247 qui
473 1183 637 1228 cousensus
664 1165 732 1246 quia
758 1167 851 1227 latere
882 1182 944 1227 non
974 1164 1085 1246 poterit
1113 1163 1202 1229 vcrha
1232 1162 1318 1227 nuda

167 1268 314 1348 adponam
338 1271 369 1326 ct
392 1265 557 1328 Plutarchi:
1151 1286 1153 1290 ⁸

269 1383 365 1472 όμὲν
380 1383 439 1455 οὖν
459 1385 688 1473 πινοτήρας
710 1385 793 1474 ζῷόν
813 1386 883 1451 ἐστι
904 1385 1155 1472 καρκινῶδες
1171 1380 1213 1461 ὥς
1229 1401 1319 1472 φασι

269 1488 325 1551 καὶ
351 1489 390 1577 τή
411 1491 492 1572 πίνη
515 1481 660 1562 σύνεστι,
688 1483 745 1550 καὶ
771 1485 1044 1570 πυλωρείτήν
1066 1480 1215 1569 κόγχην
1230 1507 1320 1568 προ-

267 1582 474 1669 καθήμενος,
513 1583 577 1650 doio
607 1577 817 1669 άνεφγμένην
844 1580 903 1648 καί
931 1581 1183 1667 διακεχηνυῖαν,
1222 1579 1320 1667 άχρι

269 1685 477 1767 προςπέση
503 1684 633 1746 τιτῶν
653 1675 837 1765 άλωσίμων
855 1678 969 1756 αὐτοῖς
992 1681 1217 1762 ἰχθυδίων·
1243 1679 1321 1745 τότε

269 1779 307 1845 δὲ
332 1780 401 1864 τήν
426 1778 561 1863 σάρκα
584 1782 652 1864 τής
679 1783 802 1864 πίνης
826 1781 959 1844 δακών
981 1780 1217 1865 παρειςήλθεν,
1238 1776 1260 1864 'l
1279 1780 1321 1844 δὲ

270 1878 510 1944 συνέκλεισε
538 1877 609 1963 τήν
638 1877 791 1960 κόγχην
823 1880 890 1942 καὶ
920 1879 1061 1952 κοινός
1090 1879 1160 1963 τήν
1189 1875 1321 1964 ἄγραν

270 1975 379 2052 ἐντὸς
403 1980 548 2061 ἕρκους
570 1980 791 2061 γενομένην
813 1980 1098 2041 κατεσθίουσι.

173 2116 203 2169 et
225 2105 352 2189 Oppiani
369 2106 393 2168 ll
408 2125 434 2166 v.
454 2103 513 2166 189
529 2122 608 2186 sqq.:

265 2215 445 2300 ’Όστρακον
467 2237 509 2279 αυ
532 2216 656 2298 βυθίας
679 2212 739 2297 μὲν
762 2212 828 2295 ἔχει
851 2213 995 2294 πλάκας,
1019 2215 1055 2281 ἐν
1076 2214 1115 2280 δέ
1136 2211 1169 2279 οἳ
1194 2214 1293 2296 ίχθύς

272 2318 394 2398 πίννη
418 2311 565 2380 ναιετάει
589 2311 797 2396 κεκλημένος·
827 2311 848 2398 ή
870 2314 930 2399 μὲν
952 2311 1090 2392 ἄναλκις
1103 2361 1111 2375 .
1124 2360 1131 2376 .
1146 2360 1174 2377 ..

269 2405 342 2475 ἀλλ’
366 2410 430 2497 ἄρα
454 2409 486 2476 οἳ
511 2407 632 2484 ξυνόν
657 2432 698 2473 τε
728 2408 857 2495 δόμον
880 2412 1002 2498 ξυνήν
1023 2437 1063 2476 τε
1085 2409 1318 2496 καλύπτρην

271 2506 457 2596 καρκίνος
480 2509 647 2585 ἐνναίει,
672 2511 788 2595 φέρβει
811 2509 850 2574 δέ
870 2533 930 2591 μιν
952 2508 1010 2596 ήδέ
1032 2509 1208 2597 φυλάσσει.

270 2610 317 2695 τῷ
350 2607 405 2671 καὶ
440 2606 698 2693 πιννοφύλαξ
731 2609 782 2685 (ita
815 2612 904 2692 piscis
938 2613 1058 2692 dactylis
1092 2604 1317 2692 accomodatur)

646 2700 843 2790 κικλήσεται.
888 2704 960 2774 ἀλλ’
984 2704 1047 2773 ὅτε
1069 2702 1215 2790 κόχλου

272 2803 370 2884 ἰχθὺς
393 2801 487 2867 ἔνδον
510 2809 633 2888 ἵκηται,
657 2801 677 2868 ό
699 2799 731 2866 δ’
756 2801 795 2868 οὐ
818 2811 1025 2892 φρονέουσαν
1046 2802 1202 2890 άμύξας

271 2895 446 2987 δήγματι
469 2898 631 2988 κερδαλέῳ
655 2908 775 2989 πίννην
798 2903 883 2971 ἕλεν·
917 2902 937 2991 ή
960 2904 991 2970 δ’
1015 2903 1174 2992 ὀδύνησιν

272 2999 446 3086 ὄστρακα
474 3001 799 3089 συμπλατάγησε
826 3004 893 3067 καὶ
916 3004 1089 3072 ἔνδοθεν
1117 2999 1316 3090 ἐφράσατ’

525 3131 529 3137 ·
1089 3100 1216 3188 trouv
1281 3158 1284 3163 ,

271 3193 368 3288 αὐτή
390 3193 419 3261 τ’
444 3194 505 3282 ἧδ’
522 3195 666 3285 ἑτάρῳ,
685 3197 861 3272 ξυνόνθ’
879 3195 1149 3285 άμαδείπνον
1164 3200 1315 3265 ἕλοντο.

172 3327 281 3390 Contra
304 3321 534 3408 σπογγοτήραν
555 3326 721 3391 Aristotelis
748 3327 878 3391 abfuisse
903 3349 921 3390 a
947 3329 1111 3412 Chrysippo
1138 3328 1316 3392 Plutarchus

170 3432 309 3489 testatur:
354 3443 392 3486 au
429 3425 485 3487 hoc
521 3426 600 3487 dices
630 3426 722 3489 fuisse
753 3447 804 3489 cur
835 3428 923 3490 etiam
952 3428 989 3490 ah
1020 3428 1153 3510 Oppiano
1182 3435 1317 3510 praeter·

172 3521 364 3588 mitteretur?
390 3523 465 3586 ltliro
491 3526 580 3587 modo
605 3525 717 3588 iactum
739 3535 784 3589 est
799 3536 833 3589 ut
852 3528 937 3590 nohis
960 3547 1079 3610 quoque
1099 3528 1249 3610 pinotcras
1265 3526 1318 3591 ah·
1390 3594 1395 3599 ,

171 3644 289 3687 sumere
314 3624 478 3705 plurimum
504 3625 662 3687 atramenti
689 3626 817 3689 deberet.
863 3627 1006 3705 Novimus
1031 3627 1141 3690 hhrum
1167 3647 1203 3691 ex
1228 3625 1317 3690 turba

171 3724 421 3805 Chrysippeorum
434 3723 485 3804 qui
499 3723 632 3803 pisciculi
656 3724 842 3787 mentionem
868 3727 1073 3791 continuerint
1093 3727 1197 3795 saltem
1212 3742 1318 3799 unum,

172 3824 308 3904 quintum
334 3823 442 3885 hhrum
468 3819 546 3903 περὶ
572 3820 631 3883 τοῦ
656 3821 761 3884 καλοῦ
787 3821 843 3884 καὶ
870 3824 926 3907 τής
950 3819 1081 3908 ήδονής.
1125 3824 1206 3887 llaec
1236 3821 1318 3885 enim

171 3924 341 3985 Athenaeus
355 3940 386 4001 p.
402 3919 478 3980 891}
503 3924 664 4001 postquam
690 3921 835 4003 Pamphili
857 3922 1104 3985 commemoravit
1129 3922 1167 3984 do
1192 3920 1261 4002 pina
1288 3929 1319 3985 et

171 4021 364 4103 pinophylace
379 4019 574 4082 seutentiam:
974 4014 977 4019 ’
1237 4080 1240 4085 ,

273 4122 478 4216 Χρύσιππος
500 4127 533 4195 δ’
557 4127 577 4195 ό
596 4130 717 4207 Σολεύς
739 4131 775 4197 ἐν
799 4133 845 4218 τῷ
871 4135 1013 4218 πέμπτῳ
1037 4131 1196 4215 περὶτοῦ
1217 4130 1320 4195 καλοί

273 4232 328 4294 καί
344 4231 401 4315 τής
422 4227 576 4315 ήδονήςή
599 4234 715 4314 πίνη,
738 4236 834 4316 φησί,
862 4232 931 4297 καί
958 4226 977 4296 ό
1001 4228 1221 4316 πινοτήρης
1246 4248 1319 4295 συ*

272 4331 392 4416 νεργὰ
420 4327 627 4415 ἀλλήλους,
656 4324 728 4396 κατ’
758 4332 850 4398 idion
872 4324 912 4395 οδ
935 4330 1100 4416 δυνάμενα
1131 4332 1318 4416 συμμένειν.

272 4425 292 4511 ή
319 4428 380 4511 μὲν
403 4424 460 4491 σύν
487 4430 587 4512 πίνη
621 4426 792 4513 ὄστρεόν
818 4429 921 4506 ἐστιν,
956 4425 974 4495 δ
1010 4429 1057 4494 δὲ
1088 4425 1319 4514 πινοτήρης
