2962 5010
679 299 901 362 ...42-

216 476 305 538 verba
330 478 440 539 fecerit.
484 474 615 537 Plinium
639 493 708 537 vero
730 476 769 537 ita
795 494 859 537 rem
888 476 981 555 egisse
1009 483 1044 536 ut
1064 475 1181 555 saepius
1203 477 1359 550 existumo,

216 583 251 637 ut
272 575 447 655 primarium
467 593 555 636 suum
579 582 731 636 auctorem
755 575 890 637 hocloco
913 575 1036 636 minime
1051 575 1189 649 abiceret,
1212 577 1262 637 sed
1285 595 1359 638 con-

217 674 316 736 cinere
350 674 405 735 bac
435 673 468 734 in
499 692 531 735 re
560 673 698 735 Ovidium
726 674 915 736 tritissimum
954 675 1126 736 recordatus
1160 676 1268 736 addere
1296 676 1359 737 suis

217 772 470 852 elegantissimum
497 779 649 834 auctorem
670 772 831 834 festinaret.
865 773 1013 835 dieterico
1028 773 1150 835 verbum
1169 772 1207 834 ad
1230 772 1359 852 dactylos

216 870 300 932 facile
322 870 526 934 adhibebatur.
563 871 597 930 ln
613 872 823 953 manuscriptis
847 871 975 953 denique
997 872 1076 952 quod
1100 871 1272 934 inscribitur
1293 890 1359 933 car·

216 969 289 1031 mini
312 970 346 1030 de
360 970 543 1031 medicamine
556 970 644 1050 facici
656 971 805 1050 seminece,
829 970 900 1032 haec
915 970 1050 1032 videlicet
1072 970 1261 1032 librariorum
1284 988 1358 1032 con-

150 1146 153 1153 *
214 1067 326 1129 iectura
350 1076 395 1129 est
418 1087 479 1131 non
499 1075 579 1130 recta
602 1086 701 1149 neque
727 1069 824 1148 aptior
849 1089 882 1130 ea
915 1088 973 1150 qua
1006 1070 1079 1131 illud
1112 1070 1145 1131 de
1174 1071 1299 1149 piscibus
1332 1079 1359 1130 et

214 1168 287 1247 seris
308 1167 541 1230 Halieuticcrum
567 1166 732 1248 fragmento
757 1167 966 1229 inscribebant.

300 1267 361 1327 lam
387 1286 456 1328 vero
485 1267 566 1328 vides
595 1267 630 1328 ad
659 1266 863 1327 doctissimum
889 1266 946 1327 hoc
977 1284 1096 1328 carmen
1118 1267 1267 1330 Nasonem
1296 1284 1358 1327 non

194 1365 307 1446 ‘fnisse
330 1365 490 1444 impulsum
515 1366 573 1427 nisi
595 1383 664 1426 cura
688 1383 788 1425 rernm
808 1365 1007 1427 humanarum
1030 1374 1118 1444 atque
1134 1367 1358 1439 amatoriarum3

215 1481 284 1524 nam
309 1463 398 1524 etiam
425 1482 459 1524 eo
482 1472 567 1542 poeta
593 1463 778 1536 venustum,
806 1464 885 1543 qnod
916 1482 1008 1525 unum
1031 1464 1183 1525 hominem
1207 1464 1358 1545 spectabat

216 1568 246 1620 et
269 1580 358 1622 unam
377 1561 467 1623 vitam
490 1561 668 1637 humanam3
691 1562 878 1624 descendisse
894 1582 963 1623 eum
986 1563 1024 1623 ad
1039 1563 1161 1624 astutias
1185 1571 1214 1624 et
1228 1562 1357 1642 piscium

215 1667 245 1720 et
273 1660 427 1739 piscatoris
457 1662 605 1723 canendas
633 1679 694 1721 non
721 1661 811 1722 nimis
840 1661 935 1722 simile
964 1662 1024 1722 veri
1054 1669 1108 1722 est.
1154 1661 1246 1722 Aliter
1269 1659 1357 1722 modo

214 1759 282 1818 talia
303 1759 423 1819 molitus
444 1767 512 1821 ante
537 1778 687 1821 excessum
705 1759 828 1838 Augusti
848 1759 968 1822 fuisset!
1000 1759 1119 1820 Adulari
1140 1767 1226 1838 poeta
1249 1759 1358 1821 rectori

215 1856 294 1918 orbis
316 1866 461 1921 terrarum
483 1860 629 1939 potuisset
657 1860 707 1937 qui
733 1859 884 1920 interdum
912 1858 1082 1938 piscabatur
1110 1859 1196 1920 hamo
1220 1858 1356 1936 (Sueten.

214 1956 286 2035 Aug.
303 1956 366 2037 83).
405 1957 496 2036 lgitur
510 1959 535 2018 si
551 1957 713 2030 descendit,
730 1957 881 2020 exordium
897 1957 1031 2018 videlicet
1052 1977 1067 2018 a
1085 1976 1139 2018 sno
1155 1957 1223 2019 fecit
1240 1957 1355 2031 exsili03

213 2055 334 2116 ludebat
355 2056 444 2117 rebus
460 2056 631 2130 trivialibus,
656 2055 821 2116 ostentabat
842 2056 921 2117 vices
935 2055 1073 2117 fortunae
1096 2055 1202 2135 quibus
1218 2056 1356 2136 praedam

214 2173 316 2233 capere
339 2156 408 2215 olim
433 2164 592 2216 amatorem
609 2153 755 2215 urbanum
771 2153 929 2227 docuisset,
950 2171 1030 2214 nnnc
1046 2155 1166 2216 doceret
1179 2155 1355 2235 piscatorem

213 2254 373 2325 rusticum3
400 2253 572 2313 excurrebat
602 2251 638 2312 ad
664 2251 820 2312 bominum
850 2252 939 2313 vitam
965 2253 1010 2312 vel
1037 2253 1178 2327 beroum3
1207 2253 1356 2315 indicabat

214 2352 293 2429 quod
325 2351 490 2412 imitaretur
523 2351 691 2430 exemplum
729 2368 876 2428 graecum.
924 2351 1028 2432 ltaque
1061 2370 1164 2413 verum
1200 2351 1355 2414 exordium

171 2463 173 2466 ⁴
214 2450 355 2511 amissum
382 2469 446 2511 esse
471 2450 662 2511 coniecerunt
688 2448 786 2511 etalii
810 2456 840 2509 et
865 2448 1039 2511 Leutscbius
1062 2450 1080 2510 1.
1096 2451 1114 2510 l.
1131 2468 1158 2529 p.
1177 2448 1226 2511 90.
1265 2450 1355 2512 Cuius

212 2557 313 2611 tamen
342 2549 385 2611 rei
414 2548 557 2610 indicium
583 2548 699 2609 nullum
729 2548 869 2609 cernitur.
914 2547 1073 2628 Dispositio
1099 2568 1218 2631 quoqne
1241 2549 1355 2627 integra

212 2656 287 2709 teste
311 2647 454 2726 Oppiano.
499 2648 573 2709 Nam
596 2647 684 2708 etiam
713 2647 760 2708 bic
787 2647 844 2726 ipsi
871 2655 1010 2726 capturae
1035 2647 1161 2726 piscium
1190 2645 1355 2726 praemittit

213 2756 243 2807 et
266 2747 429 2826 catalogum
452 2747 609 2808 nominum
624 2747 644 2807 l.
659 2745 680 2818 1,
707 2745 754 2807 cni
777 2745 944 2807 adnectitur
967 2745 1002 2806 de
1026 2755 1131 2808 natura
1153 2746 1279 2826 piscium
1303 2764 1354 2806 va-

213 2845 326 2907 riorum
350 2852 491 2907 tractatus
521 2864 616 2924 usqne
639 2845 675 2907 ad
698 2845 716 2905 l.
733 2845 759 2905 ll
782 2845 883 2916 finem,
910 2851 939 2905 et
962 2845 1138 2907 astutiarum
1169 2844 1354 2906 narrationes

212 2945 230 3005 l.
247 2944 302 3018 lll;
326 2944 371 3004 vix
393 2963 462 3006 casn
485 2944 620 3006 similiter
647 2943 705 3022 egit
730 2951 818 3023 poeta
842 2944 969 3018 latinus3
1000 2943 1051 3023 qui
1074 2963 1134 3006 uuo
1162 2951 1277 3004 tantum
1300 2962 1354 3002 vo-

212 3043 325 3104 lumine
344 3061 408 3104 rem
431 3045 636 3123 complexurus
665 3061 699 3103 eo
730 3041 862 3104 diversus
890 3061 962 3103 sane
990 3049 1037 3103 est
1063 3043 1143 3122 quod
1174 3042 1211 3103 ab
1237 3040 1353 3103 astutiis

212 3160 303 3222 qnam
325 3160 341 3202 a
363 3141 493 3221 catalogo
516 3141 669 3204 exordium
695 3141 793 3202 facere
814 3141 879 3202 iure
902 3159 957 3201 suo
980 3140 1114 3202 malebat.
1180 3168 1187 3194 ι

298 3242 393 3322 Atque
421 3241 483 3322 ipsa
515 3240 668 3321 dispositio
700 3240 853 3300 observata
882 3238 941 3298 iam
968 3239 1038 3298 satis
1064 3237 1188 3298 forsitan
1210 3236 1351 3316 refragari

212 3339 344 3401 videatur
373 3340 559 3401 coniecturae
588 3339 676 3400 etiam
706 3337 790 3398 alteri
820 3355 877 3416 qua
903 3336 1017 3413 ingrata
1049 3345 1078 3397 et
1107 3335 1197 3396 ardua
1226 3335 1351 3397 istorum

212 3456 352 3499 versuum
376 3456 515 3498 excusare
541 3436 691 3498 volebant:
725 3452 787 3496 non
818 3433 987 3495 absolutum
1013 3451 1132 3494 carmen
1163 3451 1226 3494 esse
1254 3452 1352 3512 neque
1449 3506 1459 3519 ὁ

212 3536 269 3597 nisi
294 3543 433 3596 conatum
457 3536 584 3615 aliquem
612 3543 642 3596 et
670 3533 928 3594 adumbrationem
949 3532 1236 3613 perpoliendumquc
1258 3533 1352 3595 fuisse

211 3641 323 3713 postea,
340 3632 466 3694 fortasse
487 3639 519 3693 ut
535 3631 668 3711 epistulis
684 3650 719 3692 ex
735 3631 831 3691 Ponto
853 3630 1033 3691 insereretur
1055 3630 1106 3704 (ita
1121 3630 1258 3693 Leutscb.
1274 3634 1292 3694 l.
1308 3632 1351 3709 l).

212 3731 340 3793 Consilio
364 3736 444 3793 certo
467 3730 568 3791 deberi
590 3736 671 3807 patet
694 3729 781 3790 etiam
806 3745 963 3789 excursum
992 3727 1075 3791 illum
1106 3729 1143 3790 de
1168 3730 1247 3791 feris.
1293 3730 1351 3791 Sed

211 3830 388 3892 contradici
414 3832 497 3910 plura
520 3836 654 3909 possunt.
697 3828 771 3890 Nam
793 3827 866 3889 milri
892 3827 1029 3907 equidem
1053 3828 1101 3889 ille
1124 3827 1232 3890 mirum
1257 3846 1352 3908 quan-

210 3935 276 3989 tum
301 3927 450 3989 Musarum
473 3946 576 4006 expers
603 3926 718 3988 videtur
740 3927 792 4008 qni
813 3934 915 4006 poetas
938 3944 999 3989 non
1026 3946 1114 4008 prosa
1142 3928 1273 3990 oratione
1299 3928 1351 3989 sad

210 4025 345 4087 versibus
367 4026 399 4086 in
421 4035 557 4105 poemate
578 4025 683 4105 primis
709 4025 793 4087 lineis
817 4025 998 4104 designando
1025 4026 1069 4087 uti
1090 4025 1145 4086 sibi
1161 4027 1350 4104 persuaserit,

211 4125 320 4186 oblitus
347 4124 425 4185 idem
454 4134 488 4186 nt
509 4125 604 4186 nostri
631 4124 694 4187 aevi
720 4131 874 4204 poetarum
903 4125 943 4186 ita
971 4125 1064 4204 ipsius
1091 4124 1226 4185 Aeneidis
1249 4124 1351 4202 Vergi-

209 4223 313 4284 lianae.
357 4222 451 4285 Porro
473 4223 499 4285 si
520 4224 591 4286 haec
613 4241 675 4285 non
698 4231 798 4285 essent
827 4222 886 4284 nisi
910 4222 1085 4284 collecticiae
1108 4221 1208 4301 copiae
1230 4241 1349 4284 carmen

210 4340 313 4383 rerum
343 4333 564 4402 praeparantes,
592 4323 775 4402 stupefacere
802 4341 857 4383 nos
885 4321 1042 4400 stupiditas
1070 4321 1190 4381 deberet
1220 4321 1350 4384 bominis

210 4421 261 4501 qui
293 4423 403 4500 graecis
433 4422 554 4484 liberius
583 4439 692 4484 usurus
720 4422 817 4498 legere
845 4438 877 4481 ea
911 4437 973 4480 non
1000 4418 1072 4480 satis
1100 4419 1267 4494 habuisset,
1296 4421 1348 4483 sed
