2962 5010
630 293 829 356 ..5-

158 470 221 531 Hal.
243 467 300 529 21:
324 469 475 546 nigrum
497 467 611 528 vomit
632 468 696 529 illa
719 485 892 529 eruorem
915 468 968 546 (ita
992 468 1072 529 enim
1094 450 1303 549 complendum

200 585 320 629 versum
355 585 420 628 esse
456 565 533 627 iufra
564 565 750 646 probabitur)
789 585 858 628 cum
889 566 959 628 Met.
988 567 1020 640 V,
1048 565 1104 629 83:
1142 569 1303 632 rutilum

201 666 318 727 vomit
338 665 403 726 ille
426 683 603 726 cruorem.

160 790 222 853 Hal
247 789 305 850 56:
336 787 485 848 viribus
515 787 660 849 addidit
688 789 779 849 iram
811 805 878 848 cum
906 787 972 849 Met.
1001 787 1063 861 ΧΙΙ,
1092 788 1170 851 532:
1198 791 1304 854 dolor

202 886 349 950 addidit
370 886 462 946 iram
487 894 518 947 et
538 886 606 946 liet.
630 885 678 957 ΙΙΙ,
703 885 781 946 306:
803 885 924 946 minus
947 885 1098 947 addidit
1120 887 1205 949 irae.

160 1003 224 1066 Hal.
247 1004 302 1064 51:
324 1003 396 1063 Aut
417 1001 535 1062 trahit
556 1001 593 1063 in
616 1020 797 1081 praeceps
820 1019 887 1061 cum
910 1000 975 1060 dm.
998 1000 1034 1073 ll,
1051 1000 1080 1071 9,
1097 1000 1152 1063 29;
1177 1004 1221 1065 Ut
1240 1025 1303 1067 ra-

203 1102 255 1183 pit
276 1101 313 1161 in
336 1117 516 1179 praeceps
540 1107 569 1161 et
591 1098 658 1160 Met.
682 1101 717 1174 ΙΙ,
741 1098 796 1160 69;
819 1099 869 1160 Ne
889 1097 989 1160 ferar
1010 1100 1049 1160 in
1070 1118 1261 1183 praeceps.

160 1218 223 1281 Hal.
249 1215 323 1276 119:
348 1222 505 1294 epastas
528 1217 632 1277 solus
656 1216 718 1296 qui
748 1215 917 1277 ruminat
945 1234 1046 1278 esoas
1077 1235 1144 1279 cum
1168 1219 1232 1280 Am.
1255 1221 1304 1293 ΙΙΙ,

204 1317 234 1391 5,
251 1313 304 1378 17:
327 1316 426 1377 lente
447 1321 637 1376 revocatas
659 1313 825 1376 ruminat
846 1311 991 1375 herbas.

247 1447 349 1526 ltaque
372 1444 512 1530 Onvidiana
534 1444 564 1504 in
585 1442 758 1505 Halieuticis
785 1442 927 1505 memoria
954 1461 1015 1505 non
1046 1446 1187 1520 obseura3
1221 1446 1306 1508 cuius

162 1540 251 1608 etiaim
273 1543 357 1623 plura
378 1541 508 1620 exempla
531 1560 547 1601 a
569 1560 617 1602 me
640 1542 750 1621 passim
773 1542 882 1602 adferri
912 1540 1033 1603 videbis.
1078 1543 1190 1606 'lamen
1214 1552 1247 1605 ut
1268 1563 1306 1606 ne

162 1662 249 1723 parva
272 1642 391 1722 quidem
414 1640 454 1701 illi
476 1640 653 1709 condonem
676 1640 707 1701 in
729 1639 834 1701 ultimo
858 1639 992 1719 exemplo
1015 1640 1100 1719 quale
1122 1641 1158 1702 ab
1180 1661 1215 1703 eo
1239 1643 1306 1722 qui-

163 1743 230 1803 dem
254 1738 432 1803 adscribitur
453 1737 616 1800 similitudo
639 1739 732 1810 nulla3
761 1756 829 1799 vera
851 1745 950 1799 tamen
973 1739 1045 1799 latet
1066 1738 1192 1801 imitatio
1216 1759 1305 1819 quam

162 1839 318 1901 ostendam
357 1856 385 1916 p.
423 1837 473 1897 36.
537 1836 631 1896 Porro
674 1835 912 1897 subtrahendum
961 1837 1050 1898 etiam
1088 1838 1306 1916 paenultimum

163 1938 341 2017 exemplum,
364 1935 432 2015 quia
454 1933 612 2013 Vergilium
636 1952 755 2013 quoque
777 1934 825 1995 hic
847 1934 956 1995 imitari
970 1941 1058 2014 poeta
1073 1944 1189 2013 poterat
1204 1936 1307 1998 dicen-

162 2045 242 2098 tem:
276 2037 364 2113 Atque
395 2033 480 2094 illum
511 2035 543 2092 in
565 2049 702 2111 praeceps
725 2049 819 2111 prono
849 2036 928 2112 rapit
954 2033 1052 2094 alveus
1080 2038 1161 2095 omni
1186 2034 1305 2116 (Georg.

163 2134 185 2206 Ι,
207 2132 280 2205 203,
308 2134 346 2193 ol.
368 2131 441 2193 den.
458 2130 503 2203 vl,
531 2128 607 2190 578:
643 2128 784 2192 Tartarus
812 2134 869 2210 ipse
901 2130 952 2192 aa
975 2141 1053 2210 potet
1081 2135 1112 2192 in
1137 2137 1306 2213 proeeepsl3

163 2231 398 2294 subtrahendum
432 2229 521 2291 etiam
554 2229 684 2307 primum
724 2248 789 2290 esse
825 2229 904 2291 infra
936 2228 1063 2292 fortasse
1096 2231 1149 2292 tibi
1181 2222 1307 2311 persua-

162 2329 277 2391 debitur
303 2329 376 2389 leota
398 2326 502 2406 pagina
526 2325 581 2400 55;
603 2325 729 2388 fortasse
752 2327 837 2388 etiam
859 2327 981 2389 tertium
1001 2326 1107 2408 pagina
1130 2328 1187 2404 203
1210 2350 1306 2411 neque

166 2430 201 2489 de
235 2433 316 2488 sexto
350 2425 483 2504 exemplo
516 2425 676 2486 tacendum
710 2425 759 2507 estj
792 2425 919 2486 eundem
955 2426 1111 2504 praeivisse
1148 2427 1306 2507 Vergilium

165 2526 243 2606 apud
275 2543 363 2604 quem
399 2530 459 2584 est:
495 2540 623 2586 erassum
655 2527 741 2584 vomit
774 2540 822 2584 ore
852 2540 982 2586 eruorem
1015 2527 1085 2585 den.
1120 2524 1154 2594 X.
1184 2526 1245 2588 349
1279 2535 1307 2589 et

164 2629 289 2686 mictum
319 2625 427 2700 spumis
453 2624 542 2682 vomit
574 2638 624 2682 ore
657 2638 788 2682 moenem
815 2621 919 2701 Georg.
940 2621 988 2692 ΙΙΙ,
1012 2621 1082 2681 516.
1127 2621 1200 2683 lllud
1230 2644 1308 2703 quo-

165 2742 222 2803 que
244 2721 421 2782 Ovidianum
443 2719 476 2779 in
496 2718 786 2798 Metamorphosibus
813 2723 907 2782 minos
934 2719 1042 2781 addidit
1070 2723 1134 2780 abae
1163 2722 1307 2783 veriorem

165 2826 245 2881 certe
271 2818 451 2880 imitatorem
479 2817 617 2879 excitarit
644 2818 798 2880 Lucanum
825 2817 876 2897 qui
905 2817 1037 2898 scripsit:
1075 2828 1186 2882 tontum
1212 2828 1308 2882 tomen

165 2911 275 2980 addidit
303 2921 363 2977 boe
389 2915 412 2988 1,
440 2913 517 2989 2923
551 2921 682 2975 ceterum
714 2915 802 2976 Silius
830 2915 963 2977 italicus:
999 2916 1142 2980 addebant
1168 2919 1308 2980 mentibus

165 3021 226 3078 iras
247 3014 296 3086 ΙΙΙ,
320 3013 392 3073 454.
437 3012 570 3091 lienique
594 3018 695 3074 eontra
718 3021 815 3075 totum
839 3013 918 3073 istud
940 3022 1149 3093 argumentum
1173 3016 1308 3096 disputa·

163 3124 323 3192 turumne,
345 3128 394 3170 me
427 3105 603 3188 exspectas?
630 3110 705 3170 -Sed
739 3109 812 3172 nibil
844 3129 928 3190 agere
961 3112 1041 3173 nolo.
1096 3113 1243 3176 Nimirum
1276 3114 1307 3176 id

163 3217 262 3294 ipsum
291 3208 449 3271 ostendere
483 3225 508 3266 v.
538 3207 566 3267 d.
594 3207 695 3268 omisit
722 3207 929 3269 similitudines
954 3208 1017 3270 illes
1044 3209 1179 3272 imitandi
1207 3212 1306 3273 studio

165 3319 243 3375 ortas
273 3327 338 3371 esse
366 3324 440 3368 non
468 3325 578 3386 posse
604 3339 648 3349 —-
675 3306 707 3367 in
735 3324 793 3384 quo
821 3295 925 3368 temeri
950 3325 1054 3368 causae
1082 3308 1170 3369 cardo
1193 3308 1307 3389 positus

165 3420 219 3473 est.
263 3413 366 3492 ltaque
396 3409 549 3472 monuisse
575 3409 647 3472 satis
669 3410 811 3472 habemus
833 3407 889 3470 sub
913 3409 1039 3489 imperio
1061 3411 1186 3472 Neronis
1208 3428 1307 3491 neque

166 3527 227 3570 non
248 3509 350 3570 Claudi
371 3506 472 3569 'liberi
494 3508 574 3569 inter
598 3507 726 3570 Senecae
753 3507 882 3569 maxime
912 3508 1045 3587 aequales
1075 3516 1106 3571 et
1131 3509 1215 3571 Persi
1237 3509 1308 3571 Ovi-

166 3605 246 3665 diani
280 3606 386 3667 coloris
416 3624 581 3685 vocumque
609 3606 819 3669 Ovidianarum
853 3626 1001 3669 summam
1035 3625 1108 3669 sane
1142 3607 1307 3669 obtinuisse

165 3701 377 3780 captationem,
407 3721 504 3782 neque
532 3703 587 3764 hac
621 3721 653 3765 re
687 3705 847 3784 quidquam
877 3705 976 3767 tritius
1002 3713 1054 3767 aut
1082 3705 1174 3786 magis
1200 3714 1308 3768 notum

166 3806 220 3861 est.
266 3797 360 3868 Quam
375 3799 401 3860 si
418 3800 483 3878 quis
500 3801 536 3861 de
552 3800 722 3864 Halieuticis
740 3804 836 3864 valere
857 3822 946 3882 posse
969 3801 1097 3882 negabit,
1120 3812 1149 3865 et
1165 3803 1307 3866 Heroides

165 3900 200 3960 ad
235 3913 327 3957 unam
361 3914 464 3957 omnes
491 3897 630 3960 obtrudet
657 3901 767 3961 Nasoni
796 3908 825 3962 et
857 3900 985 3963 Culicem
1015 3901 1139 3980 Vergilio
1168 3909 1198 3962 et
1227 3901 1307 3963 Cirin

164 3995 289 4074 Vergilio
312 3994 400 4055 simul
422 4012 456 4054 ac
478 3994 590 4056 Catullo
613 4004 642 4057 et
656 3997 837 4076 Lygdamum
852 3998 969 4060 Tibullo
983 3998 1073 4060 simul
1087 4006 1177 4078 atque
1192 3998 1305 4076 Ouidio,

166 4094 295 4172 denique
318 4092 408 4154 etiam
431 4090 653 4153 Consolatorem
674 4094 757 4155 illum
782 4096 818 4156 de
840 4105 937 4158 morte
959 4096 1045 4157 Drusi
1068 4097 1105 4157 ad
1120 4095 1231 4156 Liviam
1255 4096 1306 4174 qui

165 4191 314 4255 Ovidianis
336 4197 436 4269 turget
457 4187 605 4251 'domitam
627 4208 660 4250 re
682 4208 749 4250 vera
770 4193 859 4255 fuisse
882 4192 1072 4254 affirmabit'

251 4289 431 4351 Substruere
447 4288 537 4349 etiam
560 4286 613 4348 alia
637 4295 760 4349 conatos
782 4296 827 4349 est
849 4308 875 4349 v.
893 4290 937 4363 d.;
960 4308 1008 4350 res
1031 4298 1101 4351 sunt
1123 4306 1193 4350 sane
1215 4308 1304 4370 quam

166 4388 347 4450 minusculae
363 4395 393 4448 et
407 4386 533 4449 tortasse
548 4404 620 4466 quas
637 4385 776 4448 omittere
788 4386 889 4463 liceat;
912 4387 969 4449 nisi
984 4387 1162 4467 quodetiam
1180 4388 1304 4450 nimiam
