2962 5010
615 312 858 377 -141—

166 491 223 552 ista
235 508 303 552 ecee
314 489 411 552 omnia
424 489 510 569 longe
518 488 669 570 adportata
675 508 710 552 ex
720 490 795 552 libro
804 491 840 552 de
848 508 948 572 gener.
957 491 1044 553 anim.
1053 488 1092 552 lll
1098 496 1170 552 sunt
1180 506 1208 570 p.
1215 487 1308 550 756ss

170 587 293 650 13-25
310 596 517 670 praeterquam
542 589 621 670 quod
643 587 684 650 ihi
709 606 791 651 nunc
813 590 894 652 deest
908 589 979 652 illud
995 589 1149 672 difficulter
1164 591 1310 668 pareresa'

167 700 235 752 tecto
256 691 443 769 castraretur:
475 688 563 769 idque
596 687 721 751 librariis
750 689 934 752 intercidisse
956 689 1018 752 veri
1047 688 1232 751 simillimum
1262 693 1308 748 est

166 789 341 869 praesertim
364 806 432 850 cum
449 808 474 849 v.
491 788 532 848 22
555 789 781 851 monedularum
805 790 916 852 mentio
939 789 1016 851 adsit
1036 808 1112 870 quae
1134 793 1308 850 mansuetae

168 890 294 951 alantur.
339 888 417 951 l'um
450 907 519 950 vero
552 888 630 968 apud
663 888 792 951 Plinium
825 889 997 952 reducimur
1029 890 1065 951 ad
1088 908 1116 970 p.
1133 887 1233 951 618Β
1252 885 1312 947 13:-

169 985 247 1071 περὶ
271 985 309 1051 δέ
333 984 411 1061 τούς,
433 978 572 1070 χρόνους
598 983 633 1049 ἓν
659 983 710 1060 οἷς
735 978 910 1050 α’τιιόλοντο
937 984 969 1051 oi
997 983 1132 1071 Μηδίου
1159 984 1246 1059 ξένοι
1271 981 1308 1047 ἐν
1394 1061 1396 1066 .

170 1078 347 1170 Φαρσάλῳ,
384 1083 504 1169 ἐρημία
544 1083 581 1148 όν
609 1095 680 1159 τοῖς
709 1083 828 1161 τόποις
862 1096 933 1161 τοῖς
969 1085 1047 1171 περὶ
1079 1081 1223 1170 Ἀθήνας
1251 1082 1306 1146 καὶ

172 1179 425 1267 Πελοπόννησον
454 1177 580 1262 ἐγένετο
610 1181 759 1268 κοράκων
788 1180 832 1259 ὡς
860 1181 1000 1264 ἐχόντων
1035 1181 1199 1269 αἴσθησίν
1233 1205 1307 1247 τινα

169 1282 223 1364 τῆς
251 1277 334 1365 παρ’
363 1277 534 1366 dilapidato
563 1279 751 1366 όηλιόσεωςε
782 1286 821 1348 ita
851 1294 885 1347 ut
914 1285 1041 1348 dubitari
1071 1285 1189 1366 quidem
1212 1283 1307 1364 possit

167 1399 239 1443 num
260 1381 337 1444 forte
352 1381 429 1443 Plini
453 1381 498 1443 illa
521 1401 585 1444 cum
608 1384 744 1462 pluttr'uut
765 1401 859 1446 vocem
873 1403 933 1465 eqs.
949 1385 1026 1465 apud
1041 1383 1230 1447 Aristotelem
1252 1400 1306 1462 pe-

167 1481 284 1555 rierint,
316 1481 426 1561 ineptia
459 1490 558 1544 autem
580 1482 769 1545 inculcatum·
793 1483 978 1564 apertissima
1010 1504 1027 1546 a
1058 1483 1150 1546 latino
1173 1482 1307 1545 videatur

166 1580 342 1660 interprete:
378 1585 412 1643 ia
438 1583 572 1661 auspiciis
601 1583 689 1645 solus.
738 1582 798 1645 Sed
831 1583 919 1645 etiam
952 1583 984 1645 in
1017 1583 1094 1645 Plini
1115 1582 1187 1658 §31
1222 1583 1306 1653 locus

166 1697 287 1757 graecus
308 1679 388 1742 idem
411 1683 451 1756 (v.
467 1680 486 1741 9
502 1682 581 1761 sqq.)
604 1679 762 1760 respicitur
786 1682 959 1761 etquidem
983 1683 1079 1745 verbis
1101 1682 1163 1744 his:
1194 1682 1306 1763 polluat

166 1779 244 1841 uides
269 1780 367 1860 pallos
395 1800 429 1843 uc
452 1779 552 1842 colare
578 1789 679 1860 copulat
708 1784 800 1854 τόνοις
835 1782 934 1860 fatuus
959 1799 1035 1867 suos,
1051 1784 1158 1863 superat
1186 1782 1303 1862 leuchus.

168 1876 245 1948 Quid
260 1896 329 1939 vero
345 1875 503 1959 deinceps?
517 1897 621 1955 graeca
635 1876 671 1942 ἐν
685 1888 756 1952 τοῖς
771 1888 901 1962 μικροῖς
916 1883 1051 1963 χωρίοις
1067 1924 1074 1942 .
1088 1925 1117 1942 ..
1132 1875 1192 1943 δύο
1208 1875 1305 1962 μόνοι

167 1976 317 2051 γίνονται
331 1977 440 2041 mirum
462 1977 494 2040 in
518 1979 638 2041 modum
660 1978 699 2041 ita
721 1979 812 2042 latine
835 1980 1046 2043 enuntiantur:
1065 1984 1166 2062 porois
1186 1983 1218 2042 iu
1238 1983 1306 2043 uicis

167 2093 227 2137 acu
247 2075 314 2157 plus
342 2076 412 2139 diua
435 2082 567 2158 couiaapa‘a
594 2076 673 2140 suat!
708 2079 807 2159 ltaque
830 2088 1012 2143 correctores
1041 2079 1137 2142 Plinio
1170 2087 1221 2142 aut
1245 2098 1306 2142 uuo

168 2177 298 2254 conrupta
322 2175 431 2239 dabant
454 2185 505 2238 aut
530 2177 628 2238 hlauta
653 2181 817 2257 coaiupium
839 2185 890 2240 aut
910 2179 970 2240 haiae·
982 2183 1110 2259 couiupa'o
1130 2197 1206 2260 quae
1227 2185 1311 2243 stare.

168 2273 309 2337 nimirum
328 2275 427 2337 omnia
440 2283 610 2355 nequeunt:
631 2275 716 2355 quasi
738 2292 799 2338 non
820 2277 955 2341 facillime
977 2277 1025 2340 hic
1047 2296 1166 2359 quoque
1183 2284 1215 2338 ut
1237 2276 1307 2339 hri-

166 2372 282 2434 stotelia
297 2391 394 2437 sermo
406 2374 593 2437 mutilaretur
607 2375 735 2437 accidere
746 2375 891 2455 potuerit:
906 2386 935 2439 et
950 2377 1034 2459 quasi
1049 2393 1112 2441 non
1127 2376 1201 2438 adsit
1217 2375 1305 2438 etiam

166 2471 323 2552 vestigium
337 2473 456 2553 aliquod
470 2473 590 2537 lacunae
609 2473 641 2534 in
657 2474 865 2555 manuscriptis
890 2475 925 2538 iis
952 2476 1004 2557 qui
1023 2475 1161 2538 exhibent
1176 2493 1230 2555 pro
1245 2470 1305 2537 dria

166 2564 263 2653 μόνοι
300 2575 447 2650 γίνονται
479 2572 578 2654 potius
610 2568 670 2635 δύο
705 2571 767 2656 μὲν
803 2570 876 2637 οἷον
910 2577 1077 2655 γίνονταις
1110 2575 1203 2638 tueris
1239 2592 1306 2636 ecce

167 2689 224 2750 qua
246 2671 361 2735 ratione
383 2671 479 2735 hiatus
495 2680 633 2735 nascatur
653 2671 794 2752 primum,
816 2682 919 2754 postea
940 2683 1100 2739 consuetur
1121 2673 1306 2756 exemplum:

164 2769 315 2850 legebatur
334 2772 413 2835 fere:
444 2768 511 2836 dria
540 2769 612 2853 μὲν
640 2768 682 2834 oi
685 2792 730 2835 ον
759 2769 795 2835 ἕν
823 2773 1007 2856 Κραννῶνι,
1034 2770 1139 2836 τὰδὲ
1165 2771 1307 2835 πλεῖστα

166 2871 313 2955 τέτταρες
347 2871 549 2949 γίνονται.
603 2869 738 2952 lleuique
771 2890 841 2932 vero
873 2872 951 2952 apud
984 2872 1111 2933 Plinium
1146 2871 1234 2933 etiam
1269 2869 1304 2932 ad

165 2968 275 3033 librum
297 2971 333 3034 de
354 2969 455 3033 Mirah.
478 2969 640 3033 Auscultat.
664 2968 800 3050 pellimur
821 2969 932 3031 verbis:
965 2973 1105 3048 punitores
1130 2968 1224 3031 sadala·
1248 2970 1306 3031 loco

165 3069 280 3144 cedunt:
313 3086 382 3132 nam
403 3071 457 3133 Ar:
468 3087 498 3148 p.
513 3067 576 3131 842
591 3069 614 3129 B
632 3069 670 3129 10
694 3076 723 3130 et
744 3067 905 3129 Crannonii
927 3067 1007 3129 corvi
1041 3068 1148 3130 adsunt
1181 3074 1210 3129 et
1242 3067 1306 3147 ipsa

166 3168 238 3230 haec
270 3167 430 3240 sententia,
464 3186 532 3229 cum
562 3174 666 3230 contra
693 3167 757 3229 loco
787 3165 842 3228 eici
872 3166 946 3247 pulli
969 3165 1105 3230 dicantur
1137 3166 1168 3227 in
1200 3164 1306 3245 pagina

165 3264 330 3328 Aristotelis
356 3264 417 3328 618
440 3266 524 3347 prius
546 3276 679 3348 respecta
700 3266 789 3328 1311.

250 3365 288 3427 ut
312 3365 344 3428 in
369 3364 465 3427 Plinio
492 3364 589 3431 hiatus
615 3365 748 3428 lectionis
772 3364 945 3428 manifestus
972 3372 1019 3426 est
1043 3364 1083 3426 lll
1098 3363 1156 3440 743
1180 3381 1249 3424 nam
1273 3362 1305 3424 in

166 3465 314 3526 sententia
330 3465 423 3546 qualis
446 3463 558 3527 editur:
582 3466 689 3528 duroct
704 3465 871 3545 (orepau‘llae)
899 3474 924 3526 et
949 3467 1008 3526 siue
1023 3483 1100 3545 aqua
1120 3466 1194 3526 aereis
1209 3461 1306 3525 diebus

166 3563 298 3644 aquilone
312 3568 447 3645 spiraate,
473 3575 571 3627 austro
594 3564 787 3646 paucioribus.
818 3564 853 3626 At
867 3564 986 3626 hiemem
1011 3562 1124 3626 eoadem
1144 3567 1175 3626 a'a
1200 3566 1306 3642 ιτίμιο

166 3680 242 3744 aquo
255 3662 453 3726 contuleruut
468 3682 505 3727 ne
528 3682 592 3725 rem
615 3673 765 3727 narratam
781 3663 969 3743 castigemus,
992 3663 1132 3726 destituta
1147 3680 1237 3724 seusu
1262 3668 1306 3722 est

164 3761 307 3841 particula
329 3773 372 3837 at:
394 3780 491 3845 neque
513 3763 631 3826 hiemem
645 3762 744 3844 potius
767 3762 892 3826 traditur
907 3778 997 3845 quant
1018 3762 1122 3837 literam
1144 3779 1235 3843 quare
1257 3758 1304 3823 in·

166 3870 267 3941 specto
289 3858 453 3924 ¹Aristotelis
486 3862 551 3923 loco
583 3881 618 3924 eo
652 3861 703 3942 qui
735 3862 883 3941 praeclare
913 3861 961 3924 hic
989 3862 1136 3942 repetitur
1157 3880 1184 3942 p.
1202 3857 1304 3922 592h

168 3958 302 4022 16-23
325 3961 396 4023 haee
428 3960 490 4023 fere
522 3960 735 4023 nanciscimur:
769 3959 909 4024 Darout.
928 4007 959 4022 ..
984 3971 1082 4024 οαιινο
1109 3958 1302 4043 paucioribus.

165 4059 274 4122 Aestate
296 4062 454 4140 uoasserre'
482 4063 514 4121 ia
545 4062 658 4122 vivoru
685 4078 745 4122 acu
762 4070 890 4142 possunt,
923 4069 953 4120 ct
980 4058 1078 4121 hicme.
1106 4059 1245 4122 'lleedcm
1273 4060 1311 4118 ἐπ’

165 4160 270 4239 euripum
283 4176 359 4240 aqua
372 4174 431 4222 aaa
444 4159 575 4221 tolerarat.
609 4154 770 4222 'Tolerandi
792 4158 872 4221 enim
895 4157 1016 4220 verbum
1032 4157 1120 4220 etiarn
1134 4156 1304 4218 ahsolutum

166 4256 301 4338 usurpari
326 4256 547 4320 ah'accusativo
571 4265 676 4319 notum
697 4260 753 4318 'est

251 4355 309 4417 Sed
342 4356 440 4418 locum
474 4357 640 4419 evolvamus
674 4355 846 4437 ampliorem
872 4353 946 4416 Plini
962 4352 1002 4415 Ill
1021 4353 1077 4416 161
1102 4361 1135 4416 ut
1157 4371 1215 4433 qua
1240 4354 1304 4434 lege

167 4463 322 4536 excerptus
345 4455 515 4521 Aristoteles
535 4457 574 4518 sit
596 4455 702 4519 clarius
724 4464 908 4536 compareat:
1238 4448 1243 4455 ’
